2775 4284
194 194 197 199 ’
294 168 1140 321 inuuucesmrtuuuussxxvu.111
1256 220 1262 264 ³

49 398 58 413 “
145 474 149 483 ,
174 376 310 485 aperte,
326 413 426 487 quam
443 387 490 461 ob
503 385 633 461 causam
648 410 731 487 gens
744 385 851 463 amica
870 350 1061 477 Romanis,
1072 386 1144 460 soe·

155 494 404 594 “deribusque
396 520 553 595 rngenuae
570 494 661 591 pacis
683 492 865 582 obstricta,
886 515 1060 567 armorum
1083 496 1144 568 de·

174 604 268 680 derat
294 603 498 679 adminicula
522 602 647 676 bellum
671 591 885 699 Principibus
911 602 1097 703 legitimis
1088 632 1144 678 ut·

172 718 306 792 ferenti.
329 716 402 810 Qui
415 736 453 790 ιιι
475 714 598 789 factum
617 713 715 787 firma
729 713 923 788 defenfione
937 734 1205 817 purgarent,

172 830 285 903 literas
302 825 448 924 ejusdem
463 827 617 901 obtulere
633 810 865 929 Procopii:
838 845 875 899 ut
896 828 1027 925 generis
1044 830 1144 901 Con·
1186 878 1191 890 ι

149 1008 152 1015 s
171 936 366 1015 llantiniani
384 936 584 1035 propinquo
608 931 790 1032 imperium
806 935 867 1008 stbi
885 937 1036 1011 debitum
1054 937 1144 1023 sum·

169 1049 243 1125 fiffe
265 1050 590 1140 commemorantis,
608 1037 779 1146 veniaque
799 1048 938 1145 dignum
965 1049 1150 1125 afferentes

171 1184 333 1247 errorem.
345 1159 494 1254 Quibus,
503 1159 625 1235 eodem
640 1156 805 1239 referente
815 1157 970 1252 vidore,
980 1170 1142 1257 comper-

1243 932 1264 967 Ι

170 1270 238 1360 tis,
250 1272 374 1345 Valens
389 1270 626 1368 parviducens
641 1268 894 1344 excusationem
907 1269 1142 1363 vaniffimam,
1252 1348 1260 1366 x

157 1378 208 1465 'in
224 1404 283 1453 eos
294 1380 383 1477 signa
398 1380 611 1471 commovit,
624 1398 739 1472 motus
750 1378 964 1476 adventantis
975 1376 1043 1477 jam
1058 1405 1143 1475 prae·

171 1489 258 1567 scios
275 1516 283 1562 :
299 1488 555 1587 &pubescente
569 1515 668 1580 vere,
685 1488 826 1589 quaesito
839 1488 875 1561 iu
888 1514 993 1560 unum
1009 1491 1143 1562 exerci-

172 1617 235 1687 tu,
251 1623 359 1695 prope
384 1600 567 1695 Daphnem
585 1598 727 1691 nomine
747 1599 997 1690 munimentum
1012 1597 1059 1669 est
1084 1625 1143 1672 ca·
1192 1595 1196 1603 ’

172 1706 239 1783 lira
260 1729 426 1783 metatus:
444 1729 618 1807 ponteque
639 1709 862 1803 coptabulato
883 1707 980 1803 supra
1001 1705 1142 1781 navium

173 1818 272 1915 soros
297 1820 425 1896 flumen
449 1821 662 1923 transgrellus
685 1819 1143 1911 estlllrum‚res1stentibus

173 1929 288 2007 nullis.
300 1931 439 2028 Jamque
451 1912 602 2004 sublatus
615 1927 765 2019 fiducia,
781 1954 858 2001 cum
876 1875 1012 2001 tiltro
983 1946 1142 2033 curaque
1177 1993 1181 2002 .

145 2123 149 2126 .
172 2039 362 2115 discurrens
376 2040 529 2131 nullum
518 2040 713 2133 inveniret¹
728 2065 830 2165 quem
845 2038 999 2135 superare
1016 2028 1143 2134 pollet,

166 2278 252 2334 tum
264 2276 427 2355 apparatu
447 2244 633 2333 ambitioso
638 2216 923 2355 propinquantis,
937 2272 1072 2326 montes
1087 2281 1145 2350 pe·
1203 2279 1209 2286 ’

171 2367 282 2447 rivere
301 2369 479 2441 Sertorum
494 2369 637 2461 arduos,
652 2369 691 2441 δι
705 2366 890 2440 inaccessos
904 2363 965 2437 nist
980 2388 1143 2468 perquam
1188 2451 1191 2469 ,

139 2478 142 2483 ’
169 2476 297 2574 gnaris.
312 2482 364 2551 Ne
378 2476 501 2575 igitur,
516 2476 625 2551 aestate
639 2474 737 2562 omni
762 2474 959 2561 consumta,
983 2471 1052 2544 line
1067 2476 1143 2545 ullo

171 2606 336 2660 remearet
348 2585 679 2677 effeilu,Arinthaeo
698 2582 858 2683 magistro
872 2580 1023 2679 peditum
1043 2582 1141 2657 millo
1163 2590 1172 2609 ⁸

170 2722 254 2771 eum
271 2694 482 2792 praedatoriis
496 2696 631 2796 globis,
645 2694 846 2770 familiarum
866 2691 978 2789 rapuit
993 2711 1143 2788 partem,

124 2860 128 2869 ‚
171 2834 252 2907 quae
263 2828 442 2905 antequam
456 2809 498 2881 ad
512 2807 645 2905 dirupta
656 2806 815 2881 venirent
830 2808 869 2881 δι
885 2802 1051 2893 flexuosa,
1066 2807 1143 2903 capi
1239 2831 1243 2840 ·

172 2936 360 3015 potuerunt
373 2944 466 3016 ,per
484 2918 582 3015 plana
602 2943 803 3015 camporum
819 2934 982 3007 errantes.⁴
996 2916 1144 3014 Hocque

173 3044 330 3121 tantum,
345 3030 441 3128 quod
462 3026 536 3104 for-s
557 3028 715 3117 dederat,
727 3027 929 3151 impetrato,
943 3027 1043 3100 rediit
1062 3052 1142 3101 curn

133 3183 135 3187 ·
172 3137 273 3219 ‚suis
263 3140 445 3235 innoxius,
462 3165 525 3213 nec
547 3139 644 3214 illato
664 3165 762 3238 gravr
752 3138 941 3230 vulnere,
958 3162 1021 3210 nec
1042 3163 1142 3212 acce·
1201 3207 1208 3245 ‚

174 3264 249 3370 ptp¹
269 3252 372 3323 Anno
394 3249 510 3325 secuto
533 3249 664 3346 ingredi
686 3269 789 3319 terras
812 3246 965 3325 holliles
976 3246 1047 3344 pari
1073 3248 1144 3319 ala

173 3354 292 3433 §ritate
313 3372 481 3451 conatus,
498 3358 602 3437 fufius
625 3328 788 3433 Danubii
800 3358 986 3456 gurgitibus
1011 3358 1152 3464 vagaris

174 3462 387 3561 impeditus,
395 3414 513 3543 muniit
525 3452 712 3541 immobilis
726 3520 736 3556 ,
749 3492 858 3564 prope
880 3468 1123 3563 Carporum
1090 3492 1143 3539 rr·

174 3600 253 3649 cum
288 3574 416 3655 stativis
452 3577 564 3651 castris
600 3574 747 3673 adusque
783 3599 983 3649 autumnum
1017 3575 1139 3647 locatis

173 3664 357 3765 emensum.
380 3686 484 3811 Unde
491 3740 505 3781 ,
524 3688 603 3785 quia
622 3687 709 3759 nihil
730 3687 784 3790 agi
807 3686 940 3789 potuit,
957 3685 1137 3760 dirimente
