2775 4284
177 315 180 325 .
227 259 273 335 ιι
383 251 1041 337 ruurrururucrrrrur
1099 204 1145 312 .'

224 415 413 532 industria,
427 443 518 519 quos
541 420 726 518 dispalatos
737 445 855 521 nuper
870 422 963 498 denfi
982 421 1133 503 tramites
1156 424 1200 500 dt

224 535 362 611 latebrae
382 556 499 650 texere
518 535 723 612 notiffimae:
748 537 831 613 hinc
855 539 1030 637 opulenta.
1051 541 1117 614 Sed
1139 540 1201 616 ilie
1308 539 1317 555 '

93 651 98 656 ’
225 656 337 730 avidae
354 657 485 754 semper
500 656 542 729 ad
561 655 727 730 ulteriora
747 655 943 756 cupiditatis
955 713 967 750 ,
979 652 1080 757 parvi
1096 658 1201 732 habi·

224 775 269 850 ris
283 775 474 851 vetantium
485 776 599 864 diuis,
611 778 649 851 δε
660 775 835 874 increpitis
849 776 1093 875 optimatibus,
1103 776 1204 880 quod

225 893 303 968 ob
294 892 451 967 rnertiam
477 891 632 1012 [otiique
655 886 871 984 desiderium
882 895 992 970 amitti
1021 893 1225 969 suaderent·

224 1035 335 1108 prope
354 1005 441 1107 jam]
460 1029 555 1109 parta
576 1035 679 1122 regna
699 977 864 1086 Perfidis·
854 1010 1020 1086 ·flumine
1042 1010 1202 1089 laevare-

87 1127 89 1138 ’
222 1128 333 1218 lietu,
359 1127 511 1202 infaustis
532 1113 731 1228 dudoribus
755 1129 917 1226 praeviis,
938 1110 1224 1203 mediterraneas⁴

224 1245 300 1317 vias
320 1243 469 1341 arripere
493 1243 600 1317 citato
628 1243 810 1342 proposuit
831 1246 948 1346 gradu.
972 1249 1016 1319 Et
1036 1264 1201 1376 tauquam

93 1401 96 1426 r
184 1345 188 1356 ³
223 1357 355 1433 'funesta
382 1359 456 1434 face
481 1358 636 1434 Bellonae
656 1359 811 1492 subjedis
830 1360 966 1462 ignibus
989 1361 1087 1436 exuri
1111 1387 1202 1434 cun·-

140 1497 144 1506 ’
225 1479 292 1552 dtas
304 1469 439 1588 jusserat
455 1502 584 1567 naves,
597 1495 722 1610 praeter
733 1478 886 1552 minores
898 1475 1101 1568 duodecim,
1114 1501 1203 1575 quas

224 1713 363 1814 pentis:
385 1712 489 1811 idque
507 1713 649 1810 putabat
665 1713 794 1788 utiliter
815 1711 1006 1804 ordinasse,
1019 1737 1064 1786 ne
1075 1664 1203 1784 fertur

224 1831 332 1907 claffis
352 1829 425 1904 usui
442 1829 598 1915 hostibus
620 1830 739 1924 soret,
755 1848 816 1909 aut
837 1850 955 1922 certe,
969 1853 1009 1904 ut
1030 1831 1074 1903 ab
1092 1855 1203 1926 expe·

222 1947 368 2024 ditionis
388 1949 582 2047 primordio
604 1947 731 2024 fadum
745 1949 1038 2040 est,armatorum
1059 1945 1131 2020 sere
1147 1945 1203 2021 vi·
1258 1994 1261 2000 -

62 2109 64 2124 ι
103 2065 107 2071 ’
223 2067 310 2166 giuti
326 2067 433 2161 millia
456 2066 494 2140 in
509 2067 682 2143 trahendis
704 2083 959 2163 occuparentur
969 2062 1087 2136 iisdem
1100 2060 1203 2147 navia

134 2235 137 2248 ·
223 2186 288 2260 bus
313 2186 351 2258 δι
374 2183 541 2281 regendis.
564 2183 660 2256 Dein
684 2208 764 2256 cum
792 2203 948 2256 metuens
973 2180 1037 2253 fibi
1058 2179 1204 2279 quisque
1288 2171 1298 2191 '⁴

223 2301 409 2390 muffaret,
433 2298 707 2398 monstraretque
727 2298 908 2398 perspicua
926 2298 1080 2389 veritas,
1105 2298 1203 2396 quod

73 2409 78 2423 ’
110 2427 116 2452 “
223 2420 375 2520 repulsus
394 2418 538 2493 forsitan
554 2419 710 2494 ariditate
728 2419 787 2495 vel
807 2418 987 2499 altitudine
1006 2417 1204 2510 montium,

188 2549 190 2557 '
225 2537 268 2613 ad
286 2562 389 2635 aquas
409 2535 613 2610 redirenon
628 2537 758 2632 poterit
771 2535 891 2625 miles,
908 2535 1062 2634 tortique
1082 2532 1213 2632 persus

177 2693 191 2760 Ι
225 2679 278 2752 gae
296 2671 411 2750 aperte
424 2649 610 2737 faterentur
625 2651 657 2724 se
675 2649 846 2740 fefellisse,
862 2647 1032 2724 concursu
1046 2649 1202 2722 maximo

159 2825 161 2828 -
225 2769 394 2870 'exstingui
413 2768 505 2867 jussae
518 2767 597 2844 sunt
616 2769 775 2845 siammae.
797 2769 841 2842 Et
856 2768 1021 2866 quoniam
1036 2765 1125 2864 ignis
1141 2790 1204 2847 aus

225 2882 296 2962 etus
318 2884 512 2960 immaniter
541 2885 717 2984 plerasque
739 2882 946 2973 consumsit,
966 2903 1026 2954 x11
1050 2900 1203 2956 tantum·
1299 2957 1302 2962 ,

151 3033 158 3047 ‘
189 3046 193 3061 ι
225 3003 336 3079 modo
360 3027 468 3076 naves
494 3022 683 3101 potuerunt
713 3001 847 3076 inradias
867 2999 996 3096 servari
1007 3048 1023 3090 ,-
1037 3024 1138 3099 quae,
1161 2987 1203 3074 ut

150 3133 152 3140 ‘
224 3121 352 3222 poffint
362 3121 538 3216 custodiri,
552 3122 705 3210 discretae
713 3120 799 3196 sunt.
813 3117 986 3195 'Hoccasu
995 3119 1105 3212 classe,
1119 3144 1201 3194 cum

225 3261 301 3311 non
315 3239 683 3334 oporteret,‚abolita,
700 3227 855 3320 Julianus
875 3235 1078 3342 copsociato
1092 3235 1202 3311 sretus

226 3355 380 3430 exercitu
390 3337 498 3445 ,τιιηι
510 3375 722 3432 armatorum
742 3355 827 3445 nulli
840 3379 903 3456 per
917 3353 1050 3431 diversa
1062 3354 1201 3433 distrin-
1215 3392 1222 3420 ι

222 3484 415 3584 «ςςιειιῐιιι,
439 3497 585 3548 nurnero
618 3471 738 3572 potior
765 3470 837 3544 ad
828 3469 994 3576 anteriora
1015 3474 1200 3564 tendebat,

227 3587 387 3663 alimenta
405 3589 529 3664 affatim
547 3588 720 3687 opulentis
734 3587 986 3722 suggerentibus
998 3590 1097 3665 locis.
1112 3591 1201 3682 Quo
1271 3594 1284 3625 ‘

109 3729 111 3734 ’
184 3707 398 3862 cognito,
417 3705 555 3803 hostes,
573 3724 610 3782 ut
629 3704 745 3784 inedia
766 3731 833 3784 uos
847 3707 1062 3809 cruciarent,
1076 3707 1202 3786 herbas
1279 3738 1283 3746 ·
