2775 4284
703 45 709 82 ⁸
812 69 816 79 Ι

216 272 230 279 ·“
260 224 270 247 “
298 211 1013 343 neauueasttuuu·r1n.-xxvir.
1069 287 1131 337 121

173 429 302 503 saevitia
325 456 461 502 morum
484 428 596 502 multis
620 447 692 499 erat
716 426 857 516 exosus,
879 426 943 499 hac
966 425 1138 523 praecipue

71 562 75 574 “
173 535 292 625 cansa,
308 538 403 635 quod
424 524 577 633 superate
588 522 700 608 hostes
714 536 749 608 in
762 534 927 609 vastandis
945 533 1139 631 provinciis

95 668 98 678 ‘
173 644 370 735 festinabat,
385 648 545 720 affinitate
566 646 711 743 Remigii
729 665 812 719 tunc
833 646 978 744 magistri
999 644 1140 717 officio-

116 804 120 821 „
173 751 446 846 tum‘consisus:
469 778 540 851 quo
562 754 731 847 prava‘&
753 754 923 829 contraria
948 750 1142 844 referente,'

119 882 125 892 ·
174 863 355 959 Princeps,
369 866 490 960 ut'prae
511 863 541 935 se
559 861 686 953 ferebat
710 864 801 961 ipse,
822 866 1024 939 cautiffimus
1038 864 1142 939 lacri-
1210 883 1213 892 ’

174 970 270 1043 mosa
293 968 463 1067 dispendia
479 972 605 1046 diutius
625 970 800 1071 ignoravit
817 972 993 1048 Afrorum.
1018 972 1143 1047 Geslo·
1258 1006 1274 1035 ι

175 1107 252 1153 rum
268 1099 377 1155 autem
394 1108 521 1179 pereas
537 1084 693 1181 regiones
708 1083 826 1157 seriem
840 1086 999 1182 plenam,
1019 1086 1163 1159 &Ru-1

143 1190 151 1221 ²
176 1185 251 1265 ricii
273 1193 421 1289 praesidis
435 1193 692 1292 legatorumque
714 1212 881 1285 mortem,
899 1196 1065 1267 &cetera
1086 1193 1143 1265 lu·
1183 1233 1185 1248 ι
1212 1228 1217 1248 t

83 1328 87 1337 ’
176 1300 315 1391 ttuosa,
337 1328 415 1375 cum
434 1302 584 1401 adegerit
604 1304 714 1394 ratio,
733 1303 926 1401 diligentius
950 1299 1143 1399 explicabo.

176 1409 220 1482 Et
240 1409 403 1507 quoniam
428 1410 517 1483 adest
540 1409 626 1481 liber
645 1410 743 1482 locus
765 1412 928 1503 dicendi3
945 1437 1022 1509 quae
1044 1408 1144 1481 senti-

177 1544 272 1608 mus,
283 1538 397 1617 aperte
412 1520 612 1619 loquamur:
629 1522 720 1593 hunc
731 1524 973 1617 Imperatorem
986 1519 1146 1593 omnium

178 1628 325 1723 primum
344 1630 387 1707 in
401 1628 508 1725 majus
532 1630 691 1703 militares
713 1630 814 1705 fastus
831 1632 872 1705 ad
889 1631 1009 1705 damna
1032 1642 1146 1703 terum
1227 1641 1231 1666 l

180 1738 307 1811 auxisse
322 1739 571 1826 communium,
584 1740 764 1839 dignitates
772 1741 923 1840 opesque
935 1765 1055 1815 eorum
1068 1739 1147 1814 sub·

180 1844 295 1928 limius
308 1848 489 1945 erigentem
500 1874 509 1917 t
520 1852 557 1923 ὅ(
568 1848 664 1945 quod
682 1869 753 1921 etat
763 1849 899 1947 publice
917 1846 1147 1956 privatimque

179 1958 386 2048 dolendum,
403 1958 572 2031 indeflexa
598 1958 727 2031 saevitia
752 1957 950 2055 punientem
977 1955 1172 2054 gregario.¹

178 2088 254 2139 tum
282 2086 409 2157 errata,
436 2086 630 2164 parcentem
656 2064 872 2165 potioribus,
901 2063 961 2162 qui
985 2082 1148 2162 tanquam

179 2176 325 2272 peccatis
345 2174 476 2249 indulta
499 2172 655 2266 licentia,
672 2166 715 2247 ad
731 2175 840 2249 labem
860 2174 1060 2247 delittorum
1081 2171 1148 2246 im-

180 2286 331 2359 manium
357 2286 626 2385 consurgebant:
649 2287 709 2385 qui
727 2313 778 2389 ex3
795 2311 839 2360 eo
865 2285 1081 2374 anhelantes,
1105 2307 1149 2357 ex

180 2412 268 2467 nutu
282 2393 342 2466 suo
357 2394 554 2467 indistanter
569 2413 690 2491 putant
707 2395 863 2467 omnium
878 2396 1022 2490 pendere
1034 2392 1150 2473 sortuq
1188 2467 1192 2475 ,

178 2528 252 2576 nas.
276 2505 409 2575 Horum
428 2502 526 2575 flatus
548 2504 751 2599 &pondera
772 2502 972 2576 inventores
992 2502 1073 2599 juris
1086 2529 1151 2576 an-

182 2612 269 2713 tiqui
294 2612 508 2702 mollientes,
530 2613 631 2685 etiam
651 2611 802 2686 insontes
826 2612 992 2710 quosdam
1014 2612 1151 2708 aliquo·

97 2810 106 2815 ᾖ
181 2724 244 2796 ties
285 2722 458 2821 suppliciis
486 2722 615 2796 aboleri
653 2722 812 2796 censuere
843 2722 1007 2796 letalibus.
1040 2720 1159 2815 Quods

182 2833 269 2929 saepe
282 2832 472 2932 contingit,
491 2858 568 2907 cum
584 2832 630 2904 ob
645 2832 871 2905 multitudinis
886 2832 1048 2921 crimina,
1061 2856 1152 2910 non·¹
1187 2926 1191 2934 1
1218 2909 1220 2914 ,

182 2944 269 3016 nulli
292 2943 392 3016 sortis
411 2943 589 3041 iniquitate
611 2942 802 3039 pleduntut
820 2941 981 3016 innoxii:
1001 2942 1036 3015 id
1058 2942 1152 3016 enim

180 3072 431 3151 nonnunquam
456 3053 498 3126 ad
525 3052 740 3149 privatorum
767 3052 932 3149 pertinuit
957 3051 1080 3127 causas.
1104 3055 1152 3123 At

182 3164 361 3239 inlsauria
379 3162 543 3267 globatim
573 3188 635 3260 per
659 3164 775 3237 vicina
797 3164 928 3263 digressi
949 3165 1127 3261 praedones
1136 3217 1150 3254 ,

183 3270 313 3368 oppida
327 3271 492 3369 villasque
509 3273 629 3346 uberes
650 3272 755 3345 libera
777 3273 1002 3369 populatione
1023 3298 1154 3345 vexan·
1238 3365 1242 3375 ι

184 3402 254 3462 tes,
276 3380 507 3478 magnitudine
529 3379 730 3475 jadurarum
752 3381 990 3480 Pamphyliam
1014 3380 1155 3454 afflisla·

180 3488 266 3562 bant
284 3492 321 3562 δι
340 3488 474 3563 Cilicas.
497 3493 598 3583 Quos
613 3514 691 3563 cum
714 3487 818 3562 nullis
834 3489 1027 3562 arcentibus
1045 3487 1153 3559 intet-

183 3598 309 3670 necive
330 3599 450 3671 cundia
471 3598 661 3693 disperdere
686 3598 773 3671 Afiae
796 3598 944 3671 vicarius
960 3622 999 3669 ea
1022 3614 1155 3692 tempe-

186 3706 269 3785 state
285 3704 466 3821 Musonius
485 3706 703 3796 advertisset,
717 3704 859 3781 Athenis
872 3703 997 3780 Atticis
1010 3703 1166 3779 antehac.
