2775 4284
250 304 296 397 3⁶
337 271 343 280 “
417 221 1063 376 auur-Auturncattrut

248 453 433 554 aliquando
450 457 491 528 ab
507 453 715 530 Hasdrubale
725 453 741 546 ,¹
753 432 953 533 Harinibalis
966 461 1087 553 statne,
1102 463 1149 536 ita
1168 457 1223 538 ci»

248 570 316 642 tius
333 570 436 640 vitam
451 559 644 662 hujusmodi
659 569 761 640 adimi
776 559 978 644 belluaruln.
994 574 1131 665 Quibus
1146 595 1222 647 non

249 681 319 752 stne
339 703 463 777 magno
484 678 628 750 horrore
647 677 846 774 palpellio,
863 677 999 775 stipatus
1016 701 1220 756 armatarum

249 791 446 866 cohortium
465 787 576 886 globis
598 813 675 860 cum
692 787 891 884 primatibus
904 784 1134 865 fidentissimus
1148 797 1219 865 lm-

249 920 404 1002 perator,
417 918 454 970 ut
472 893 642 996 flagitabat
659 897 772 1000 major
787 899 842 972 vis
863 904 902 974 &
917 903 1089 990 atrocior,
1108 898 1222 976 lunari

158 1015 163 1024 '
203 1053 206 1058 ·
247 1011 320 1084 acie
334 1007 535 1104 sinuatisque
555 1008 714 1082 lateribus
732 1007 938 1081 occursuros
959 1008 1049 1083 hosii
1063 1013 1222 1109 manipu·
1257 1062 1261 1084 .

246 1122 303 1192 los
323 1117 515 1191 instruebatr
542 1117 586 1190 Et
609 1141 651 1190 ne
674 1117 926 1215 sagittariorum
948 1120 1131 1215 procursus
1151 1148 1221 1195 no·

120 1295 123 1301 .
212 1237 215 1245 ’
247 1231 394 1304 slrorum
412 1253 539 1301 cuneos
555 1221 757 1325 disjesiaret,
772 1228 875 1302 illatis
889 1229 1094 1327 concitatius
1105 1231 1219 1330 fignis‚

249 1339 457 1438 spiculorum
475 1339 640 1435 impetum
664 1338 784 1438 fregit:
799 1341 948 1438 datoque
969 1342 1012 1414 ad
1032 1341 1220 1414 decernen-

244 1454 327 1526 dum
343 1449 538 1524 solemniter
552 1450 670 1550 srgno,¹
680 1450 804 1541 densati
824 1452 975 1524 Romani
992 1452 1122 1549 pedites
1135 1477 1219 1527 con·

247 1565 349 1640 sertas
367 1563 517 1643 hostium
539 1563 670 1638 frontes
691 1562 765 1636 nisu
780 1563 1018 1660 protruserunt
1037 1564 1219 1653 acerrimo.
1252 1598 1255 1605 ¹

246 1679 290 1748 Et
304 1673 459 1750 fervente
478 1673 702 1748 certaminum
723 1674 835 1755 mole,
852 1677 1055 1773 clypeorum
1070 1674 1221 1764 sonitus,

247 1791 288 1861 δι
310 1779 468 1862 virorum
489 1809 731 1884 armorumque
757 1772 901 1884 lugubre
922 1782 1127 1886 sibilantium
1148 1785 1220 1858 fra-

244 1885 336 1999 gor,
348 1898 435 1972 nihil
449 1897 641 1996 perpetiens
657 1895 725 1991 jam
739 1895 927 1984 remissum,
942 1919 1082 1993 campos
1097 1919 1219 1972 cruore

246 2011 287 2082 δι
312 2031 499 2105 corporum
528 2006 633 2105 slrage
655 2004 833 2090 contexit,
858 1999 993 2079 effufius
1020 2001 1228 2082 cadentibusx

190 2203 194 2220 Ι
245 2117 376 2190 Persis:
395 2117 519 2214 quibus
543 2114 628 2211 saepe
649 2113 815 2210 languidis
836 2113 872 2183 in
890 2110 1076 2200 conflidlu,
1098 2113 1219 2188 arelius

246 2242 307 2322 pes
321 2224 409 2320 pede
428 2220 574 2296 collatus
592 2221 741 2318 graviter
759 2220 954 2310 obsistebat,
970 2242 1120 2322 pugnare
1140 2221 1217 2317 sori

245 2331 326 2408 titer
339 2330 471 2404 eminus
489 2328 679 2418 consuetis,
693 2331 753 2419 δι,
769 2327 985 2403 stinclinttas
996 2330 1133 2405 suorum
1150 2357 1216 2406 co-

154 2453 156 2460 ’
245 2444 318 2541 pias
341 2439 522 2535 senserint,
536 2439 690 2513 cedendo
716 2439 753 2512 in
772 2440 914 2512 modum
938 2425 1098 2514 imbrium
1122 2463 1217 2537 pone

216 2623 220 2630 .
245 2548 361 2628 versui
381 2549 516 2626 diredlis¹
536 2549 659 2648 sagittis
680 2549 794 2623 hostes
813 2574 832 2622 a
852 2550 1074 2650 persequendi
1092 2551 1216 2628 fiducia

245 2665 427 2735 deterrere.
452 2657 554 2732 Pulsrs
576 2659 678 2756 igitur
700 2659 854 2756 pondere
871 2686 1067 2760 magnarum
1090 2652 1227 2735 virium·

182 2797 184 2800 ·
212 2789 215 2797 ’
242 2773 374 2847 Parthis
380 2825 394 2861 ,
406 2772 502 2844 miles
517 2769 595 2843 solis
610 2769 709 2844 cursu
720 2768 880 2856 flammeo
891 2771 1217 2870 diu‚laxatus,s1gno

126 2899 127 2902 ’
244 2882 280 2957 in
293 2899 467 2978 receptum
483 2879 629 2972 dato,in
644 2879 792 2954 tentoria
804 2881 1012 2979 repedat,ad
1021 2884 1216 2959 audendum
1293 2930 1298 2951 ,

148 3009 153 3013 ’
244 2985 405 3089 deinccpi
427 2990 556 3085 maiora
577 2991 733 3067 sublatus.
752 2996 791 3064 ln
805 2993 875 3066 hoc
894 2992 1021 3089 proelio
1037 2993 1211 3069 Persarum

245 3103 376 3200 major,
390 3120 429 3174 ut
448 3101 574 3174 diuum
589 3101 655 3193 est,
671 3102 831 3199 apparuit
853 3101 997 3201 strages3
1016 3103 1214 3178 nostrorum

244 3215 429 3290 admodum
445 3212 543 3286 levis.
564 3212 720 3285 Eminuit
740 3232 852 3284 tamen
872 3214 961 3286 inter
974 3213 1092 3286 varios
1106 3234 1216 3289 certa·

243 3324 375 3396 minum
397 3321 490 3395 casus
502 3321 730 3402 Vetranionis
750 3346 845 3395 mors
868 3321 937 3397 viri
955 3322 1138 3429 pugnacis,
1152 3321 1216 3425 qui

176 3471 178 3476 ·
245 3433 417 3529 legionem
435 3433 646 3504 Ziannorum
660 3431 832 3530 regebat.¹
1134 3428 1137 3435 ’

284 3543 333 3616 ll.
358 3541 437 3614 Posi
456 3568 534 3638 quac
549 3543 671 3625 triduo
680 3540 826 3614 induciis
846 3539 1031 3633 destinato,
1051 3543 1134 3615 dum
1152 3541 1215 3618 suo

157 3667 160 3672 “
242 3653 386 3753 quisque
399 3653 536 3725 vulneri
548 3654 702 3726 medetur
715 3652 772 3727 vel
785 3646 1214 3749 proximi,commeatibus
1271 3741 1275 3750 .

242 3788 308 3839 nos
321 3763 498 3839 destittuos
513 3761 626 3838 inedia
642 3761 815 3860 cruciabat
828 3760 895 3860 jam
909 3787 982 3837 non
995 3760 1157 3836 serenda:
1174 3763 1216 3835 δι
