2775 4284
127 328 138 359 Ι

286 278 452 381 nauum
478 296 736 369 castarum
758 296 841 367 uu
858 286 1020 370 xxmrt.
1061 242 1139 394 ¹¹53
1180 365 1206 393 s

178 456 359 555 aliquoties
383 482 447 556 pro
466 458 626 568 locorum
646 457 747 554 copia
767 456 931 549 fecimus,
946 426 1023 529 dein
1037 458 1147 563 piebis

179 569 368 667 digeremus
381 588 515 654 errata,
505 560 720 642 incidentia
744 566 859 641 veloci
879 511 1148 665 coiistringentes

179 676 325 751 exceiiu.
340 679 590 751 Praenominum
602 673 1148 773 claritudineconspicuiquldam,
1189 717 1192 724 ·

127 807 132 821 ‘
177 792 379 881 utputant,
395 812 431 857 tn
421 784 641 858 immensum
658 784 760 855 semet
772 783 966 871 extollunt
984 808 1060 854 cum
1076 782 1149 852 Re·

179 898 295 985 burri,
315 904 352 975 &
372 900 540 990 Fabunii',
554 902 608 973 &
615 898 756 997 Pagonii
776 875 1010 1007 Ge'tionesque
1031 894 1151 991 appel·

181 1006 317 1134 lentur,
343 1034 381 1081 ac
402 994 500 1082 Dalii
522 1036 610 1083 cum
616 1006 801 1081 Tarraciis
812 1008 850 1080 &
872 1004 1022 1132 Perratiir
1035 1060 1045 1093 ,
1060 1002 1152 1077 aliis·

181 1232 236 1305 tia.
261 1222 455 1304 Nonnulios
471 1230 647 1347 fulgentes
651 1202 771 1304 seticis
789 1153 1019 1316 indumentis,
1033 1247 1071 1299 ut
1088 1229 1152 1300 du·

182 1340 311 1415 cendos
333 1343 374 1415 ad
394 1364 566 1435 mortem,
572 1341 640 1411 uel
662 1359 700 1412 ut
719 1340 787 1411 fine
800 1334 946 1410 diritate
952 1331 1077 1409 ominis
1094 1338 1153 1409 lo·
1179 1379 1187 1414 ι

182 1434 350 1559 quantur,
366 1438 556 1555 praegresso
559 1449 721 1522 exercitu
735 1447 827 1521 amia
847 1441 1007 1544 cogentes
1020 1502 1031 1535 ,
1044 1434 1153 1518 marii·

183 1562 325 1659 pulatim
351 1580 529 1635 concitato
537 1558 683 1678 “fragore
708 1560 893 1659 sequitur
875 1560 1061 1660 multitudo
1077 1559 1153 1633 set

185 1694 324 1747 vorum
344 1670 460 1766 Tales,
476 1668 544 1742 ιι1)1
552 1656 794 1758 comitantibus
810 1670 959 1767 singulos
980 1669 1154 1767 quinqua·

184 1778 278 1875 ginta
306 1758 466 1851 ministris
492 1778 613 1849 tholos
635 1778 830 1851 intioieri'nt
852 1772 1071 1868 balnearum,
1095 1778 1157 1889 ubi

182 1888 262 1959 sunt
279 1886 454 1978 nostrum,
471 1874 647 1993 minaciter
655 1889 830 1963 ciramant
832 1879 870 1961 sr
888 1887 1074 1984 apparuisse
1097 1872 1157 1958 su·

185 1998 292 2073 bito
284 2018 401 2097 ignota
422 1984 652 2095 compererint
673 2000 865 2097 mancipia,
889 2017 948 2072 aut
973 1987 1161 2123 oppidanae

132 2191 138 2209 Ι
186 2111 363 2235 quondam
383 2109 607 2227 prostibulum
622 2109 730 2206 piebis
743 2163 754 2199 ,
768 2108 826 2180 vei
845 2108 1012 2181 meritorii
1026 2096 1161 2222 cbtpof

186 2218 235 2291 ris
257 2236 405 2293 veterem
427 2220 565 2316 lupam·
584 2240 736 2294 certatim
751 2236 989 2309 concurrunt,
1015 2206 1158 2317 palpanss
1200 2256 1202 2263 ·
1248 2207 1254 2250 ¹¹

188 2328 306 2426 resque
330 2331 496 2403 advenam
527 2330 746 2404 deformitate
770 2354 892 2431 magna
920 2331 1157 2403 blanditiarum
1205 2397 1208 2404 ,

187 2440 236 2514 ita
255 2442 452 2532 extollunt,
463 2440 514 2515 “ut
537 2443 747 2516 Semiramim
766 2445 906 2533 Parthi,
926 2445 981 2518 vel
1005 2444 1159 2540 Cleopa·
1251 2419 1260 2503 s

189 2564 259 2623 tras
280 2550 474 2647 AEgyptu3‚
499 2566 557 2621 aut
582 2549 792 2622 Artemisiam
816 2554 945 2640 Cares,
966 2544 1024 2625 'v'et
1045 2554 1159 2624 Zeno·

147 2754 156 2765 l
190 2656 281 2732 biam
284 2656 515 2781 Paimyreni.
545 2660 587 2745 Et
614 2658 689 2731 baec
712 2658 894 2733 admittunt
921 2659 984 2747 hi,
1011 2681 1160 2763 quorum

191 2768 282 2865 apud
301 2767 444 2864 majores
468 2766 620 2839 censoria
644 2775 728 2841 nota
753 2761 905 2842 senator
901 2713 1052 2846 affliiius
1082 2768 1158 2858 est,

188 2880 321 2971 ausus,
326 2881 404 2951 dum
417 2877 539 2952 adhuc
542 2900 613 2951 non
635 2879 790 2969 deceret,
804 2862 1005 2975 piaesente'
983 2871 1160 2953 communi
1197 2920 1199 2924 ·

192 2982 262 3067 filia
285 2990 466 3091 conjugem
489 2988 644 3065 osculari.
660 2990 711 3063 Ex
727 2989 779 3063 his
799 2989 959 3087 quidam,
969 3012 1047 3062 cum
1071 2975 1160 3059 salu·

192 3101 259 3177 tari
281 3101 471 3227 pedoribus
488 3096 654 3195 oppositis
679 3114 886 3222 coeperunt,
899 3075 1084 3169 osculanda
1101 3119 1161 3167 ca·

160 3302 162 3310 ι
193 3211 265 3309 pita
284 3212 320 3282 in
343 3212 483 3283 modum
506 3208 681 3281 taurorum
709 3206 891 3280 minacium
908 3198 1162 3309 obliquanteS,

194 3318 428 3391 adulatoribus
451 3316 602 3391 offerunt
617 3341 724 3413 genua
747 3313 930 3389 suavianda
952 3312 1007 3386 vel
1020 3336 1161 3402 manus,

194 3424 232 3497 id
253 3424 319 3497 illis
341 3410 489 3499 sufficere
513 3424 555 3497 ad
576 3424 673 3496 beate
696 3448 734 3496 vr
724 3422 904 3495 i'vendum
910 3418 1162 3519 existimantes:
1204 3477 1211 3487 .

196 3537 237 3609 &
263 3536 433 3609 abundare
457 3533 553 3635 omni
579 3534 674 3609 cuitu
700 3532 917 3608 humanitatis
943 3530 1161 3649 peregrinum

191 3660 379 3772 putantes,
400 3644 541 3742 cujus
524 3644 613 3717 forte
634 3646 750 3717 etiarn
746 3622 865 3743 gratia
890 3643 984 3717 sumi
979 3631 1161 3768 obligati,

197 3760 464 3861 interrogatum,
479 3734 602 3859 qttibus
616 3757 754 3832 thermis
769 3759 882 3831 utatur
897 3765 954 3831 aut
966 3754 1090 3853 aquis,
1104 3766 1163 3823 aut
1245 3750 1248 3756 '
