2775 4284
307 217 488 314 'aaran
512 217 767 294 oasaauuu
792 223 872 294 ua.
889 221 1010 313 ,xxu
1096 200 1142 320 63
1240 230 1244 248 ¹

177 380 273 454 velut
289 380 421 456 offenso
446 380 608 472 numine,
630 381 736 456 multa
762 381 958 457 visebantur
983 388 1021 460 δι
1045 384 1147 461 dira.

176 517 325 588 quorum
345 507 488 568 eventus
510 490 585 564 fore
602 491 767 582 ludificos
780 495 873 590 gnari
887 519 999 568 rerum
1024 497 1221 607 prodi·
1230 480 1233 484 ⁴

139 600 312 698 ‘gialium
343 589 585 698 praecinebant.
616 603 706 673 Nam
735 605 773 678 δι
804 602 1006 676 Maximiani
1039 603 1145 678 statua

177 707 338 798 Caesaris,
353 734 430 806 quae
444 710 575 786 locata
580 699 653 782 ess'
644 735 680 781 tn
704 710 875 785 veslibulo
901 711 1025 810 regiae,
1038 713 1153 787 amisit.

176 836 315 912 repente
328 817 491 914 sphaeram
505 805 851 907 oeream,formatam
842 845 876 892 ιιι
891 817 1035 917 speciem
1049 821 1146 917 poli,

176 949 279 1024 quam
302 925 472 1022 gestabat:
498 928 536 999 &
552 949 631 998 cum
655 926 831 1007 horrendo
855 926 996 1010 stridore
1019 928 1143 1002 sonue-

93 1073 97 1081 ,
175 1054 258 1106 runt
281 1035 316 1106 iu
340 1033 544 1108 consistorio
570 1033 706 1108 trabes:
731 1036 770 1110 &
796 1035 869 1108 visa
894 1035 971 1113 sunt
995 1036 1145 1112 interdiu
1265 1032 1270 1051 i

61 1153 65 1162 '
174 1143 280 1216 sidera
306 1149 541 1234 cometarum,
564 1143 662 1241 super
687 1168 837 1242 quorum
859 1164 977 1222 natura
1001 1148 1143 1221 ratioci-

175 1271 294 1324 nantes
306 1251 439 1350 phyfici
463 1249 606 1327 variant.
629 1251 780 1344 Quidam
800 1252 891 1349 enim
912 1277 973 1329 eos
992 1253 1061 1327 hoc
1075 1281 1144 1328 no·

13 1351 18 1358 ¹
121 1355 126 1361 ⁸
174 1363 267 1436 mine
295 1361 374 1436 ideo
395 1362 587 1452 existimant
611 1362 792 1460 appellati,
806 1365 901 1463 quod
924 1383 1036 1438 tortos
1050 1365 1145 1464 ignes
1169 1374 1171 1378 ’

176 1472 358 1573 spargunt,
380 1491 418 1545 ut
438 1471 574 1563 crinea,
590 1471 625 1546 in
652 1499 759 1546 unum
775 1474 877 1546 stellis
898 1473 1145 1570 multiplicibus

177 1583 402 1682 congregatis.
421 1582 490 1658 Alii
509 1607 568 1656 eos
590 1583 797 1656 arbitrantur
817 1608 860 1669 ex
879 1582 987 1658 halitu
1002 1583 1144 1658 sicciore

176 1712 339 1774 terrarum
361 1693 554 1791 ignescere,
573 1695 735 1793 paulatim
749 1697 785 1768 in
799 1693 994 1768 sublimiora
1006 1694 1144 1794 surgen·

176 1818 222 1873 te.
240 1801 389 1892 Quidam
409 1825 580 1878 currentes
604 1805 718 1877 radios
738 1802 845 1892 solis,
870 1805 1025 1876 densiore
1052 1805 1146 1877 nube

175 1909 305 2006 objesla
326 1909 455 2010 digredi
481 1915 524 1986 ad
546 1910 709 1987 inferiora
734 1911 951 2008 prohibitos,
965 1911 1146 2009 splendore

174 2019 290 2096 infuso
317 2022 459 2116 corpori
492 2021 625 2122 crasso,
647 2020 761 2096 lucem
782 2020 878 2094 velut
904 2019 1005 2092 stellis
1027 2018 1146 2092 dillin-

176 2133 261 2206 diam
282 2130 418 2204 mortali
443 2074 627 2226 conspeslti
648 2129 848 2229 monstrate.
872 2114 965 2202 Sedit
987 2153 1145 2227 quorun

175 2241 251 2312 dam
275 2236 461 2338 opinioni,
474 2239 563 2312 hauc
584 2236 729 2336 speciem
756 2256 839 2312 tunc
859 2261 1044 2336 appatere,
1064 2264 1144 2317 curn

174 2349 283 2422 ereda
305 2347 409 2420 solito
435 2345 553 2422 celsius
576 2347 684 2420 nubes
702 2364 907 2423 aeternorum
930 2347 1060 2446 ignium
1084 2351 1142 2422 vi·

145 2457 148 2462 ’
176 2454 315 2532 ciuitate
325 2459 522 2556 colluceat:
537 2458 594 2542 v‘el
606 2473 698 2529 certe
711 2456 820 2530 slellas
835 2458 899 2530 effe
911 2457 1071 2556 quasdam
1085 2486 1143 2532 ce·

118 2571 121 2580 ’
176 2570 258 2644 reris
281 2570 424 2656 similes,
445 2575 590 2667 quarum
612 2590 711 2664 ortus
727 2568 926 2666 obitusque,
940 2571 1065 2668 quibus
1078 2572 1143 2663 sint

132 2679 389 2778 ‘temporibus
408 2678 608 2777 praeslituti,
623 2678 780 2751 humanis
791 2677 963 2752 mentibus
980 2680 1163 2805 ignorari!
1244 2742 1247 2747 .
1345 2754 1349 2761 4

175 2789 274 2870 Plura
292 2790 356 2863 alia
377 2790 419 2862 de
436 2789 579 2862 cometis
596 2789 686 2883 apud
699 2787 829 2884 peritos
843 2789 1022 2862 mundanae
1033 2789 1143 2864 ratio·

177 2901 231 2974 nis
255 2901 332 2975 sunt
358 2903 464 2977 seua:
484 2926 563 2999 quae
579 2901 740 2998 digerere
755 2925 848 2974 nunc
868 2918 962 2979 vetat
980 2891 1141 2987 aliorsum

177 3008 291 3082 oratio
318 3033 517 3108 properans.
541 3011 715 3110 Moratum
747 3006 916 3105 paulisper
944 2990 1141 3107 Antiochiae
1180 3036 1183 3044 ·

176 3119 396 3218 Principem,
415 3141 640 3218 curarumque
665 3107 875 3214 ponderibus
897 3116 1036 3190 diversis
1055 3112 1141 3192 asili·

135 3283 136 3290 ι
179 3231 296 3320 sium,
317 3231 480 3304 exeundi
495 3228 581 3304 mira
604 3228 773 3332 cupiditas
804 3225 973 3326 agitabat
994 3228 1140 3325 proinde

137 3361 142 3372 ·
179 3355 244 3411 nec
263 3335 417 3433 jumento
437 3363 597 3436 pattena,
613 3363 676 3410 nec
701 3335 828 3465 mpliti,
848 3335 1143 3434 flagrante-bieme-

178 3446 259 3520 iade
273 3447 454 3544 proselitis,
468 3447 631 3546 figamur
644 3447 769 3520 diuum
785 3448 845 3537 esl,
853 3448 1046 3520 vetantibus
1059 3448 1139 3543 plu·
1193 3459 1216 3542 ³,

178 3555 297 3644 rimiS,
313 3555 474 3644 Tarsum,
487 3558 605 3630 urbem
624 3555 773 3630 Cilicum
787 3553 938 3628 nobilem
952 3608 965 3645 ‚
977 3553 1112 3629 introiit
1126 3606 1139 3642 ,
1167 3556 1169 3560 ’
1203 3575 1218 3652 ᾗ

50 3675 53 3680 ’
178 3662 274 3760 cujtu
297 3663 463 3766 originem
480 3651 659 3741 docuimus
674 3663 789 3764 supra„
806 3663 1006 3766 Exindeque
1025 3664 1138 3764 egredi
