2775 4284
321 211 498 357 *nalum
521 280 778 407 curarunt
799 281 891 369 tu
896 224 1027 359 uxu
1093 311 1163 387 99
1266 263 1270 273 ’

159 414 386 518 natantium
402 441 626 517 multiformes
640 415 726 516 limo
745 460 964 540 cernerentur
977 444 1164 522 haerentes:

135 588 137 593 ’
131 539 411 653 valliumque
431 550 654 628 vastitates&
669 552 840 626 montium
861 552 1014 642 tunc,u't
1027 554 1165 678 opinari

186 664 371 754 dabitur,
383 660 586 759 suspicerent
608 657 720 731 radios
741 656 946 756 solis‚quos
964 659 1167 759 primigenia

143 774 156 783 ”“
178 798 312 857 ,rerum
332 772 392 845 sub
413 768 579 844 immensu
594 767 794 867 gurgitibus
814 764 1020 844 amandavit.
1046 772 1168 847 Multis

125 952 127 957 .
176 868 179 880 ’
200 882 307 986 igitur
320 883 467 959 navibus
490 882 587 956 velut
609 879 701 955 arida
719 881 829 954 humo
850 881 1041 972 connexis,
1062 885 1101 959 δι
1123 885 1168 957 li·

181 1012 334 1069 ‘center
348 1019 408 1091 per
437 993 574 1091 exiguas
603 994 768 1067 undarum
795 988 954 1088 reliquias
976 985 1169 1090 palantibus
1232 1081 1234 1086 .

202 1103 378 1228 plurimis,
401 1124 438 1176 ut
453 1102 559 1200 pisces
580 1103 736 1176 manibus
754 1100 1009 1199 colligerent&
1025 1104 1169 1179 similia:

203 1213 325 1287 marim
315 1212 512 1303 fremitus,-
525 1205 622 1287 velut
636 1212 780 1313 gravati
784 1210 999 1310 repulsam,
981 1214 1125 1287 versa
1089 1223 1170 1291 vice

203 1324 442 1425 consurgunt,
454 1347 580 1421 perque
598 1325 687 1397 vada
705 1320 874 1398 ferventia
890 1305 1005 1397 insulis
1025 1326 1064 1400 &
1082 1351 1172 1401 con·
1217 1337 1221 1345 '
1269 1342 1278 1346 ’
1335 1315 1365 1431 μ’

202 1433 342 1509 tinentia
361 1450 458 1507 terrae
474 1432 637 1531 porredlis
649 1432 762 1531 spatiis
776 1430 948 1509 violenter
962 1431 1081 1504 illisi
1047 1460 1174 1523 ,annu-

205 1568 298 1616 mera
307 1541 481 1639 quaedam
472 1568 508 1615 m
521 1541 777 1634 ctvuanbus,&
792 1541 851 1614 ub1
862 1560 994 1639 reperta
1003 1542 1079 1615 sunt
1090 1543 1176 1616 adr
1217 1599 1224 1613 ,

205 1652 281 1727 ficia
287 1652 580 1750 ,complanatum
592 1652 738 1750 promde
747 1675 786 1725 ut
798 1651 1044 1726 elementorum
1056 1651 1176 1725 suren
1225 1710 1227 1714 .

207 1760 429 1849 tedrscord1a‚
439 1760 598 1839 involuta
609 1758 712 1835 sacres
722 1761 840 1834 mundi
851 1761 1098 1836 miraculorum
1110 1761 1177 1860 spe·

207 1868 277 1949 cies
289 1868 495 1944 ostendebat.
507 1864 648 1965 Relapsa
660 1858 752 1943 enim
767 1894 945 1993 aequorum
949 1874 1174 1968 magnitudo,
1230 1903 1234 1914 ¹
1256 1952 1264 1961 ,

209 2009 290 2059 cum
308 1980 449 2055 minime
469 1977 682 2074 speraretur,
702 1965 807 2052 millia
823 1980 929 2053 multa
950 1983 1086 2054 necavit
1110 1984 1179 2054 ho-

208 2089 339 2168 minum
359 2088 397 2161 dt
418 2084 616 2177 submerfitr
607 2086 950 2186 ·recutrentium'que
967 2086 1132 2163 aestuum
1122 2117 1179 2163 m·

97 2179 108 2201 s
209 2196 310 2273 citata
341 2193 539 2295 vertigine,
564 2196 729 2293 quedam·
750 2220 882 2288 naves,
906 2197 1090 2301 postquam
1114 2200 1180 2273 hu·

210 2304 334 2381 mentis
364 2304 552 2377 subslantiae
576 2302 756 2391 consenuit
787 2323 936 2398 tumor,
963 2304 1181 2404 pessumdata

189 2495 190 2505 χ
211 2416 294 2491 visae
313 2415 389 2488 sunt
403 2443 412 2489 :
427 2416 681 2514 exanimataque
700 2414 882 2514 naufragiis
899 2441 1048 2513 corpora
1061 2416 1181 2515 supina

212 2524 390 2623 jacebant,
414 2543 471 2599 aut
490 2550 610 2621 prona.
634 2531 790 2623 Ingentes
813 2526 889 2599 aliae
911 2549 1016 2600 naves
1038 2526 1183 2606 extrusa
1235 2592 1242 2608 ,
1299 2598 1302 2606 ,

145 2660 150 2665 ·
212 2634 340 2709 rabidis
363 2633 516 2724 natibus,
533 2633 743 2733 culminibus
761 2633 912 2707 insedere
932 2634 1128 2727 ustorum,
1144 2653 1183 2709 ut

214 2743 431 2820 Alexandria
451 2742 595 2842 contigit
610 2770 620 2817 r
633 2745 671 2818 dt
690 2743 733 2815 ad
746 2742 929 2818 secundum
951 2743 1096 2841 lapidem
1113 2744 1185 2819 sere
1230 2818 1233 2823 .

214 2850 339 2949 procul
362 2850 498 2925 alitore
522 2869 693 2925 contortae
715 2849 791 2925 sunt
811 2849 955 2951 aliquae,
977 2871 1015 2926 ut
1035 2853 1186 2927 laconi·
1278 2838 1281 2858 ¹

214 2970 292 3033 'cam
318 2986 427 3058 prope
451 2960 664 3035 'Mothonem
688 2961 855 3059 oppidum
885 2972 951 3036 nos
978 2962 1184 3045 transeundo

217 3068 457 3169 conspeximus
479 3070 640 3149 diuturna
664 3072 754 3165 carie
780 3069 1004 3176 fatiscentem.
