2775 4284
243 222 856 359 aMMtAtltmnlrcEtle·Lm.
878 283 1014 359 XXIX.
1072 311 1136 381 ¹7¹
1201 391 1203 396 Ι

174 438 309 521 ‹ludiam
327 439 416 519 misrt
444 446 588 543 plebem.
609 447 740 522 Contra
761 445 836 520 has
841 446 960 545 copias
976 446 1146 543 Traianus
1209 463 1214 477 ‘

101 648 105 657 Ὺ
173 578 294 631 comes
309 560 346 633 δι
370 558 594 666 Vadomarius
614 583 656 633 ex
670 585 750 659 rege
772 558 1040 633 Alamannorum
1065 584 1146 633 cum

171 668 366 765 agminibus
399 692 589 764 perrexere
613 668 827 765 pervalidis,
858 669 928 743 boc
951 666 1167 795 ‘observare'

175 777 343 875 Principis
367 778 455 875 jussu
482 777 652 876 apposni,
671 778 1027 876 utarcerenlpotius,
1042 804 1147 877 quarn

174 883 398 976 lacesserent,
416 885 539 959 Persas.
566 885 639 979 Qui
657 911 734 960 curn
750 886 916 961 venissent
928 887 1146 985 Vagabanm,

174 992 370 1091 legionibus
384 994 530 1067 habilem
552 996 693 1084 locum,
708 996 845 1092 rapidos
858 1007 1044 1068 ¹'turmarum
1059 1018 1147 1090 proe-
1218 1049 1221 1068 ι

163 1105 294 1187 cursus
307 1102 479 1179 hostilium
500 1108 536 1179 in
558 1106 592 1179 se
617 1105 927 1181 ruentium'acriter
939 1123 1148 1201 exceperunt

171 1214 304 1290 inviti:
328 1241 501 1315 operaque
520 1216 674 1290 consulta
700 1218 952 1306 retrocedentes
961 1240 1030 1307 ,ne
1051 1214 1149 1285 ferro
1172 1228 1175 1235 ’

176 1321 351 1407 violarent
378 1324 599 1396 adversorum
626 1348 831 1421 quemquam
853 1324 980 1429 primi,
1001 1326 1040 1397 δι
1056 1321 1151 1417 judi-t

174 1432 338 1507 e'arentur
363 1433 482 1507 discissi
506 1432 646 1505 soederis
662 1433 741 1524 rei,
759 1434 879 1507 ultima
902 1435 1061 1507 trudente
1089 1456 1149 1505 ne·
1206 1448 1208 1457 ·

176 1542 325 1617 cessitate
340 1541 507 1643 congressi
525 1544 620 1617 sunta
635 1542 864 1641 confossisque
878 1539 1009 1627 multis,
1026 1541 1149 1617 disces-

177 1650 249 1723 sere
260 1649 420 1727 victores.
438 1657 654 1727 lntermoras
667 1669 782 1725 tamen
801 1650 1057 1747 rrtrinquesecus
1069 1667 1151 1724 ten-¹

171 1762 257 1835 tatis
286 1762 468 1861 aliquoties
498 1757 819 1860 leviburproetiis,
846 1762 1015 1860 varioque
1043 1758 1148 1834 sinitis
1198 1777 1200 1780 ’

176 1868 327 1961 eventu,
337 1873 441 1970 paslis
452 1871 590 1946 indutiis
605 1898 649 1945 ex
663 1863 851 1961 consensu,
867 1871 1045 1969 aeslateque
1058 1896 1150 1945 con·

177 1984 311 2075 sumta,
336 1985 481 2081 partium
508 1984 680 2059 discessere
700 1984 859 2056 duslores
886 1982 1059 2055 etiamtum
1082 1981 1151 2053 dis·

177 2095 310 2167 cordes
323 2100 366 2167 Et
386 2118 446 2167 rex
462 2094 599 2201 quidem
615 2094 755 2167 Parthus
770 2094 917 2165 hiemem
937 2090 1148 2187 Ctefiphon·

176 2216 217 2285 to
232 2204 388 2293 adorus,
407 2204 507 2277 rediit
527 2205 572 2277 ad
585 2204 710 2276 sedes.
732 2194 772 2277 δι’
792 2193 1011 2298 Antiochiam
1033 2200 1150 2306 smpe-

80 2402 81 2410 ἵ
177 2332 273 2387 rator
286 2304 476 2389 Romanus
479 2314 653 2415 ingressus.
668 2313 742 2408 Qui
759 2302 840 2387 duni
856 2293 904 2385 ibi
927 2328 1083 2385 moratur
1097 2312 1148 2385 se·
1267 2303 1276 2313 ’

178 2446 281 2498 curus
293 2425 427 2499 interim
444 2418 591 2505 hostium
616 2441 861 2511 externorum,
873 2413 1039 2495 intestinis
1053 2443 1152 2519 paene

175 2534 323 2649 perierat
342 2524 540 2622 fraudibus,
568 2551 605 2607 ut
627 2534 756 2631 aperiet
782 2533 882 2605 series
907 2533 1016 2604 delata
1040 2534 1152 2630 genoz
1195 2555 1200 2583 t

177 2670 265 2721 nrm.
285 2642 477 2740 Procopius
491 2641 680 2741 -quidam
649 2696 660 2734 ,
671 2634 805 2740 inquies
820 2635 955 2731 bomo,
976 2645 1151 2715 turbarum

178 2752 357 2851 cupiditati
381 2753 511 2851 semper
522 2752 694 2843 addrdlus,
711 2750 913 2827 Anatolium
935 2737 1152 2829 detulerat&
1250 2761 1251 2764 ’

177 2864 374 2963 Spudasium
390 2863 577 2961 palatinos,
592 2864 702 2963 exigi,
715 2888 792 2991 quae
806 2864 848 2935 de
862 2862 983 2935 aerario
1001 2863 1149 2935 interce·

179 2993 323 3073 perant,
339 2974 463 3069 jussos,
473 2974 629 3051 insidiari
651 2976 770 3049 comiti
794 2973 1061 3061 Fortunatiano,
1073 2998 1151 3046 mo·
1173 3046 1176 3054 ,

179 3086 266 3161 lello
285 3086 335 3158 illi
353 3083 544 3184 flagitatori
562 3086 644 3179 Qui
656 3086 760 3160 animi
748 3081 954 3182 asperitate
970 3082 1151 3157 confestim

179 3200 225 3283 ad
244 3198 396 3273 insanum
415 3199 562 3297 percitus
574 3200 717 3272 modum
729 3221 821 3296 ,pro
836 3194 1011 3294 potestatis
1030 3196 1151 3268 audo·

170 3307 303 3398 ritate,
317 3331 418 3405 quarn
433 3308 593 3407 regebat,
602 3307 791 3382 Palladium
792 3305 971 3406 quendam
984 3304 1155 3379 obscuris·

178 3417 260 3501 sime
272 3434 412 3501 natum,
423 3438 463 3491 ut
475 3408 666 3493 veneficum
680 3444 700 3493 a
713 3416 911 3492 memoratis
930 3402 1152 3515 condudum,

179 3525 460 3603 &Heliodorum
482 3526 629 3600 fatorum
646 3552 708 3625 per
722 3524 917 3627 genituras
906 3543 1150 3624 interpretem,

179 3636 366 3737 adigendos
382 3636 548 3732 prodere,
561 3662 638 3734 quae
660 3637 804 3727 scirent,
821 3636 1036 3735 praetorianae
1059 3633 1151 3728 judi·

179 3746 238 3823 cio
258 3743 397 3820 tradidit
414 3742 633 3852 praesedtrrae.
657 3746 817 3848 Cumque
837 3744 881 3820 ad
894 3742 972 3817 sadi
994 3742 1053 3819 vel
1070 3759 1149 3823 teu·¹
