2775 4284
309 261 475 338 uertunt
499 251 753 335 cnsrnuuut
776 262 856 334 tta.
879 261 994 335 xxx.
1030 344 1032 350 ,
1058 229 1137 359 22,

141 424 287 500 editam
316 422 497 500 causentur
525 423 707 498 inllr'uslos
726 452 735 497 ε
756 423 930 522 spatioque
954 425 1129 524 prorogati

142 535 327 632 temporis
341 537 552 632 impetrato,
566 535 657 632 quast
670 545 755 613 'oum
776 539 900 609 Antaeo
923 559 1036 609 vetere
1057 539 1129 612 col·

143 649 276 720 ludlati
287 701 304 735 ,
325 647 580 744 perseveranter
606 645 757 742 flagitant
780 645 929 742 pulveris
952 646 1129 741 periculosi

83 825 84 830 ,
143 757 345 829 mercedes.
366 760 608 830 Verumtamen
622 755 694 828 h'aec
717 777 795 827 cum
815 757 862 827 ita
882 755 968 842 sint,
982 780 1053 826 non
1072 758 1129 829 de·

145 871 233 944 funt
256 868 436 941 advocatis
453 869 679 941 incommoda
704 866 868 962 plurima,
891 891 1009 962 parum
1036 865 1130 938 sulli-

72 1059 74 1070 ,
145 978 273 1050 nenda
298 980 384 1050 recle
413 975 930 1072 tributorNamque-,sellulariis
951 974 1130 1080 quaestibus

146 1087 321 1172 inescati,
343 1086 431 1159 inter
449 1085 481 1160 se
502 1086 669 1159 hostiliter
688 1085 860 1173 diffident,
881 1086 1037 1185 &rupta
1057 1101 1131 1158 ma·

146 1196 330 1270 ledicetidi
346 1195 498 1286 ferocia,
513 1214 551 1268 ut
564 1197 687 1285 didam
707 1195 776 1285 cst,
791 1196 917 1268 multos
932 1193 1129 1270 offendunt:

148 1333 262 1406 quam
276 1327 359 1380 tunc
373 1307 550 1396 effutiunt,
569 1333 645 1380 cum
663 1306 911 1381 commissarum
933 1306 993 1379 libi
1014 1307 1131 1380 causa·

148 1446 233 1494 rum
251 1419 482 1492 infirmitatem
499 1418 686 1492 rationibus
705 1417 825 1491 validis
845 1419 1042 1491 convallare
1055 1445 1128 1491 non
1199 1504 1201 1507 v

149 1528 309 1628 possunt.
333 1533 375 1602 Et
400 1529 527 1623 judices
552 1531 725 1626 patiuntur
750 1531 917 1602 interdum
943 1531 1064 1603 dotlos
1086 1555 1131 1602 ex

151 1639 456 1715 Philistionis‘aut
480 1639 596 1737 AEsopi
626 1639 920 1729 cavillationibus,
950 1665 1053 1736 quam
1082 1665 1129 1710 ex

154 1750 317 1824 Aristidis
333 1737 422 1822 illius
440 1748 538 1844 julli,
554 1751 610 1822 vel
632 1749 777 1823 Catonis
802 1746 977 1846 disciplina
998 1753 1142 1846 produ·vx

154 1862 259 1934 sios:
287 1858 347 1956 qul
367 1885 432 1932 aere
456 1859 551 1957 grati
577 1860 716 1935 mercati
745 1858 897 1954 publicas
925 1860 1127 1956 potestates,

154 1988 195 2040 ur
220 1969 408 2055 creditores
432 1970 565 2042 molesli
587 1995 671 2067 opes
697 1969 957 2066 cujusquemodi
980 1969 1130 2041 buente

154 2083 342 2169 rimantes,
356 2077 474 2153 alienis
489 2079 621 2178 gremiis
636 2080 814 2155 excutiunt
826 2081 966 2175 praedas.
983 2079 1037 2153 Ad
1049 2079 1132 2151 ulti·

156 2216 255 2266 mum
275 2188 308 2260 id
331 2190 431 2262 habet
452 2190 659 2264 causidicina*
674 2213 752 2262 cum
770 2188 890 2262 ceteris
907 2189 1129 2262 metuendum

156 2306 198 2377 δι
221 2325 342 2400 grave,
366 2301 460 2398 quod
482 2301 550 2373 hoc
572 2301 758 2399 ingenitum
782 2299 830 2371 est
846 2325 943 2396 pane
964 2297 1131 2396 litigantia

110 2425 113 2431 '
156 2413 224 2484 bus
248 2410 398 2498 cunslis,
423 2429 461 2481 ut
481 2435 559 2483 cum
585 2409 694 2504 jurgia
719 2409 813 2479 mille
837 2411 965 2481 casibus
982 2411 1130 2496 cadant,

84 2521 86 2524 ’
158 2518 351 2590 accidentia
371 2516 464 2586 secus
479 2516 513 2585 in
537 2516 702 2610 potestate
721 2515 786 2586 elle
800 2515 990 2588 existiment
1010 2535 1133 2610 patto-r

160 2651 289 2699 norum
306 2653 315 2695 z
330 2625 368 2697 &
383 2647 520 2744 omnem
545 2623 767 2696 certaminum
786 2624 914 2696 exitum
934 2624 1053 2696 iisdem
1072 2625 1134 2696 so«
1165 2646 1168 2650 ’

154 2737 254 2808 'leant
273 2735 455 2832 assignare,
470 2738 508 2808 δι
529 2758 600 2806 non
618 2732 712 2806 vitiis
735 2757 870 2824 terum,
883 2753 940 2807 aut
958 2733 1136 2833 iniquitati¹

161 2844 343 2941 aliquoties
375 2841 628 2942 disceptantium
644 2843 737 2929 „sed
767 2843 848 2915 solis
880 2844 1131 2920 defensantibus

141 2962 146 2976 ¹
161 2952 357 3028 irascantur.
373 2957 522 3039 Verum,
539 2954 628 3026 unde
642 2955 711 3027 huc
731 2954 997 3046 declinavimus,
1010 2982 1133 3056 revera⁸

161 3083 284 3138 tamur.
349 3055 351 3060 ¹
686 3119 690 3126 .

213 3179 255 3248 V.
278 3169 481 3248 Pubescente
500 3172 563 3270 jam
586 3197 669 3246 vere
684 3174 943 3248 Valentinianus
958 3201 978 3248 a
991 3177 1135 3252 Trevu·.⁴

163 3282 209 3354 ris
233 3302 362 3372 motus,
379 3307 439 3378 per
459 3279 541 3354 riota
564 3281 680 3354 itinera
699 3283 803 3380 g‘radu
817 3283 918 3356 celeri
937 3290 1126 3360 contende·
1207 3279 1225 3301 ”

163 3391 241 3462 bat:
256 3391 355 3487 eique
369 3391 523 3487 regiones
533 3392 754 3492 adventanti,
768 3417 850 3488 quas
865 3395 1018 3488 petebat,
1034 3397 1127 3495 lega-
1141 3474 1144 3481 .

163 3499 213 3569 tio
231 3499 451 3571 Sarmatarum
466 3499 626 3572 offeruit:
639 3500 844 3598 pedibusque
860 3500 932 3595 ejus
945 3505 1126 3599 prostrata,
1143 3486 1159 3599 ³,

163 3607 283 3680 orabat
297 3606 435 3703 pacifica
452 3633 571 3706 prece,
585 3627 622 3680 ut
637 3608 804 3706 propitius
825 3612 958 3684 veniret
972 3615 1010 3687 &
1022 3614 1139 3711 lenis„

164 3718 287 3790 nullius
308 3717 373 3789 diri
391 3718 551 3791 facinoris
567 3719 749 3815 participes
769 3721 949 3817 populares
971 3724 1049 3798 suos
1069 3725 1126 3826 il·-

210 3831 379 3900 Ammian.
402 3831 582 3902 Marcellin.
603 3833 736 3903 Vottl.
979 3833 1004 3902 P
