<?xml version="1.0" encoding="UTF-8"?>
<!DOCTYPE html PUBLIC "-//W3C//DTD XHTML 1.0 Transitional//EN"
    "http://www.w3.org/TR/xhtml1/DTD/xhtml1-transitional.dtd">
<html xmlns="http://www.w3.org/1999/xhtml" xml:lang="en" lang="en">
 <head>
  <title>
</title>
<meta http-equiv="Content-Type" content="text/html;charset=utf-8" />
  <meta name='ocr-system' content='tesseract 3.04.00' />
  <meta name='ocr-capabilities' content='ocr_page ocr_carea ocr_par ocr_line ocrx_word'/>
</head>
<body>
  <div class='ocr_page' id='page_1' title='image "ammianimarcelli00ernegoog_0008.png"; bbox 0 0 2775 4284; ppageno 0'>
   <div class='ocr_carea' id='block_1_1' title="bbox 247 256 1148 361">
    <p class='ocr_par' dir='ltr' id='par_1_1' title="bbox 247 256 1148 361">
     <span class='ocr_line' id='line_1_1' title="bbox 247 256 1148 361; baseline 0.001 -25"><span class='ocrx_word' id='word_1_1' title='bbox 247 281 249 287; x_wconf 93' lang='lat'>·</span> <span class='ocrx_word' id='word_1_2' title='bbox 317 258 486 338; x_wconf 78' lang='lat' dir='ltr'>hanun</span> <span class='ocrx_word' id='word_1_3' title='bbox 512 257 876 361; x_wconf 70' lang='lat' dir='ltr'>abstrudunt.</span> <span class='ocrx_word' id='word_1_4' title='bbox 898 256 1037 339; x_wconf 74' lang='lat' dir='ltr'>xuttt.</span> <span class='ocrx_word' id='word_1_5' title='bbox 1130 281 1148 360; x_wconf 82' lang='lat' dir='ltr'>t</span> 
     </span>
    </p>
   </div>
   <div class='ocr_carea' id='block_1_2' title="bbox 189 420 1210 744">
    <p class='ocr_par' dir='ltr' id='par_1_2' title="bbox 189 420 1210 744">
     <span class='ocr_line' id='line_1_2' title="bbox 190 420 1210 524; baseline 0.005 -28"><span class='ocrx_word' id='word_1_6' title='bbox 190 443 256 522; x_wconf 81' lang='lat' dir='ltr'>que</span> <span class='ocrx_word' id='word_1_7' title='bbox 269 422 356 498; x_wconf 84' lang='lat' dir='ltr'>latus</span> <span class='ocrx_word' id='word_1_8' title='bbox 377 421 520 497; x_wconf 81' lang='lat' dir='ltr'>instituit</span> <span class='ocrx_word' id='word_1_9' title='bbox 533 420 793 520; x_wconf 81' lang='lat' dir='ltr'>procedentium</span> <span class='ocrx_word' id='word_1_10' title='bbox 806 421 1012 512; x_wconf 78' lang='lat' dir='ltr'>ordinatim,</span> <span class='ocrx_word' id='word_1_11' title='bbox 1028 445 1154 524; x_wconf 88' lang='lat' dir='ltr'>nequa</span> <span class='ocrx_word' id='word_1_12' title='bbox 1198 437 1210 457; x_wconf 82' lang='grc'>’·</span> 
     </span>
     <span class='ocr_line' id='line_1_3' title="bbox 190 531 1154 634; baseline 0.005 -26"><span class='ocrx_word' id='word_1_13' title='bbox 190 536 230 608; x_wconf 83' lang='grc' dir='ltr'>νί</span> <span class='ocrx_word' id='word_1_14' title='bbox 251 534 357 610; x_wconf 88' lang='lat' dir='ltr'>subita</span> <span class='ocrx_word' id='word_1_15' title='bbox 369 552 587 634; x_wconf 81' lang='lat' dir='ltr'>raperentur,</span> <span class='ocrx_word' id='word_1_16' title='bbox 604 551 644 611; x_wconf 90' lang='lat' dir='ltr'>ut</span> <span class='ocrx_word' id='word_1_17' title='bbox 656 535 743 633; x_wconf 80' lang='lat' dir='ltr'>saepe</span> <span class='ocrx_word' id='word_1_18' title='bbox 755 534 902 634; x_wconf 85' lang='lat' dir='ltr'>contigit</span> <span class='ocrx_word' id='word_1_19' title='bbox 915 586 928 625; x_wconf 93' lang='lat'>,</span> <span class='ocrx_word' id='word_1_20' title='bbox 940 531 1154 632; x_wconf 69' lang='lat' dir='ltr'>improteda.</span> 
     </span>
     <span class='ocr_line' id='line_1_4' title="bbox 189 642 1154 744; baseline 0.001 -23"><span class='ocrx_word' id='word_1_21' title='bbox 189 645 309 721; x_wconf 80' lang='lat' dir='ltr'>Classis</span> <span class='ocrx_word' id='word_1_22' title='bbox 325 667 451 736; x_wconf 82' lang='lat' dir='ltr'>autem,</span> <span class='ocrx_word' id='word_1_23' title='bbox 462 647 542 722; x_wconf 88' lang='lat' dir='ltr'>licet</span> <span class='ocrx_word' id='word_1_24' title='bbox 553 670 612 744; x_wconf 90' lang='lat' dir='ltr'>per</span> <span class='ocrx_word' id='word_1_25' title='bbox 624 645 752 720; x_wconf 83' lang='lat' dir='ltr'>flumen</span> <span class='ocrx_word' id='word_1_26' title='bbox 764 645 932 721; x_wconf 85' lang='lat' dir='ltr'>ferebatur</span> <span class='ocrx_word' id='word_1_27' title='bbox 944 642 1078 721; x_wconf 76' lang='lat' dir='ltr'>assiduis</span> <span class='ocrx_word' id='word_1_28' title='bbox 1090 647 1154 722; x_wconf 88' lang='lat' dir='ltr'>fle·</span> 
     </span>
    </p>
   </div>
   <div class='ocr_carea' id='block_1_3' title="bbox 188 752 1156 1076">
    <p class='ocr_par' dir='ltr' id='par_1_3' title="bbox 188 752 1156 1076">
     <span class='ocr_line' id='line_1_5' title="bbox 190 752 1153 851; baseline 0.001 -24"><span class='ocrx_word' id='word_1_29' title='bbox 190 755 289 829; x_wconf 82' lang='lat' dir='ltr'>tribus</span> <span class='ocrx_word' id='word_1_30' title='bbox 310 754 524 844; x_wconf 86' lang='lat' dir='ltr'>tortuosum,</span> <span class='ocrx_word' id='word_1_31' title='bbox 545 777 610 828; x_wconf 90' lang='lat' dir='ltr'>nec</span> <span class='ocrx_word' id='word_1_32' title='bbox 629 752 793 844; x_wconf 78' lang='lat' dir='ltr'>residere,</span> <span class='ocrx_word' id='word_1_33' title='bbox 804 779 868 826; x_wconf 90' lang='lat' dir='ltr'>nec</span> <span class='ocrx_word' id='word_1_34' title='bbox 886 759 1092 851; x_wconf 81' lang='lat' dir='ltr'>praecurrere</span> <span class='ocrx_word' id='word_1_35' title='bbox 1110 755 1153 828; x_wconf 84' lang='lat' dir='ltr'>st·</span> 
     </span>
     <span class='ocr_line' id='line_1_6' title="bbox 190 863 1156 966; baseline 0.003 -30"><span class='ocrx_word' id='word_1_36' title='bbox 190 865 345 942; x_wconf 79' lang='lat' dir='ltr'>uebatur.</span> <span class='ocrx_word' id='word_1_37' title='bbox 365 863 511 938; x_wconf 86' lang='lat' dir='ltr'>Emenso</span> <span class='ocrx_word' id='word_1_38' title='bbox 533 863 645 962; x_wconf 80' lang='lat' dir='ltr'>itaque</span> <span class='ocrx_word' id='word_1_39' title='bbox 666 864 786 938; x_wconf 90' lang='lat' dir='ltr'>itinere</span> <span class='ocrx_word' id='word_1_40' title='bbox 806 864 902 938; x_wconf 89' lang='lat' dir='ltr'>bidui</span> <span class='ocrx_word' id='word_1_41' title='bbox 915 919 926 955; x_wconf 93' lang='lat'>,</span> <span class='ocrx_word' id='word_1_42' title='bbox 939 891 1048 966; x_wconf 82' lang='lat' dir='ltr'>prope</span> <span class='ocrx_word' id='word_1_43' title='bbox 1060 866 1156 942; x_wconf 86' lang='lat' dir='ltr'>civi·</span> 
     </span>
     <span class='ocr_line' id='line_1_7' title="bbox 188 973 1154 1076; baseline 0.003 -28"><span class='ocrx_word' id='word_1_44' title='bbox 188 991 293 1049; x_wconf 87' lang='lat' dir='ltr'>tatem</span> <span class='ocrx_word' id='word_1_45' title='bbox 307 975 464 1049; x_wconf 88' lang='lat' dir='ltr'>venimus</span> <span class='ocrx_word' id='word_1_46' title='bbox 480 976 611 1049; x_wconf 81' lang='lat' dir='ltr'>Duram</span> <span class='ocrx_word' id='word_1_47' title='bbox 629 973 808 1066; x_wconf 87' lang='lat' dir='ltr'>desertam,</span> <span class='ocrx_word' id='word_1_48' title='bbox 825 977 1032 1076; x_wconf 78' lang='lat' dir='ltr'>marginibus</span> <span class='ocrx_word' id='word_1_49' title='bbox 1044 978 1154 1054; x_wconf 82' lang='lat' dir='ltr'>amnit</span> 
     </span>
    </p>
   </div>
   <div class='ocr_carea' id='block_1_4' title="bbox 31 1083 1156 1185">
    <p class='ocr_par' dir='ltr' id='par_1_4' title="bbox 31 1083 1156 1185">
     <span class='ocr_line' id='line_1_8' title="bbox 31 1083 1156 1185; baseline 0.001 -27"><span class='ocrx_word' id='word_1_50' title='bbox 31 1129 34 1131; x_wconf 95' lang='lat'>-</span> <span class='ocrx_word' id='word_1_51' title='bbox 188 1083 391 1184; x_wconf 77' lang='lat' dir='ltr'>impositam.</span> <span class='ocrx_word' id='word_1_52' title='bbox 407 1091 444 1158; x_wconf 91' lang='lat' dir='ltr'>ln</span> <span class='ocrx_word' id='word_1_53' title='bbox 461 1109 533 1184; x_wconf 89' lang='lat' dir='ltr'>quo</span> <span class='ocrx_word' id='word_1_54' title='bbox 547 1085 630 1158; x_wconf 89' lang='lat' dir='ltr'>loco</span> <span class='ocrx_word' id='word_1_55' title='bbox 643 1110 761 1184; x_wconf 82' lang='lat' dir='ltr'>greges</span> <span class='ocrx_word' id='word_1_56' title='bbox 776 1111 961 1161; x_wconf 88' lang='lat' dir='ltr'>cervorum</span> <span class='ocrx_word' id='word_1_57' title='bbox 973 1088 1087 1185; x_wconf 85' lang='lat' dir='ltr'>plures</span> <span class='ocrx_word' id='word_1_58' title='bbox 1099 1087 1156 1160; x_wconf 87' lang='lat' dir='ltr'>in·</span> 
     </span>
    </p>
   </div>
   <div class='ocr_carea' id='block_1_5' title="bbox 187 1191 1267 1612">
    <p class='ocr_par' dir='ltr' id='par_1_5' title="bbox 187 1191 1267 1612">
     <span class='ocr_line' id='line_1_9' title="bbox 188 1191 1156 1293; baseline 0.003 -27"><span class='ocrx_word' id='word_1_59' title='bbox 188 1194 287 1266; x_wconf 87' lang='lat' dir='ltr'>venti</span> <span class='ocrx_word' id='word_1_60' title='bbox 299 1193 393 1282; x_wconf 88' lang='lat' dir='ltr'>sunt,</span> <span class='ocrx_word' id='word_1_61' title='bbox 405 1218 552 1293; x_wconf 87' lang='lat' dir='ltr'>quorum</span> <span class='ocrx_word' id='word_1_62' title='bbox 567 1191 625 1268; x_wconf 90' lang='lat' dir='ltr'>alii</span> <span class='ocrx_word' id='word_1_63' title='bbox 639 1191 771 1268; x_wconf 80' lang='lat' dir='ltr'>confixi</span> <span class='ocrx_word' id='word_1_64' title='bbox 783 1193 980 1285; x_wconf 77' lang='lat' dir='ltr'>missilibus,</span> <span class='ocrx_word' id='word_1_65' title='bbox 992 1195 1051 1269; x_wconf 90' lang='lat' dir='ltr'>alii</span> <span class='ocrx_word' id='word_1_66' title='bbox 1064 1220 1156 1293; x_wconf 64' lang='lat' dir='ltr'>pona·</span> 
     </span>
     <span class='ocr_line' id='line_1_10' title="bbox 188 1293 1267 1407; baseline 0.001 -30"><span class='ocrx_word' id='word_1_67' title='bbox 188 1303 325 1407; x_wconf 83' lang='lat' dir='ltr'>deribus</span> <span class='ocrx_word' id='word_1_68' title='bbox 343 1303 413 1378; x_wconf 82' lang='lat' dir='ltr'>elisi</span> <span class='ocrx_word' id='word_1_69' title='bbox 432 1293 604 1378; x_wconf 86' lang='lat' dir='ltr'>remorum</span> <span class='ocrx_word' id='word_1_70' title='bbox 619 1357 631 1393; x_wconf 87' lang='lat'>‚</span> <span class='ocrx_word' id='word_1_71' title='bbox 647 1303 690 1376; x_wconf 89' lang='lat' dir='ltr'>ad</span> <span class='ocrx_word' id='word_1_72' title='bbox 707 1302 892 1383; x_wconf 83' lang='lat' dir='ltr'>satietatem</span> <span class='ocrx_word' id='word_1_73' title='bbox 910 1321 1032 1378; x_wconf 84' lang='lat' dir='ltr'>omnes¹</span> <span class='ocrx_word' id='word_1_74' title='bbox 1049 1329 1156 1401; x_wconf 89' lang='lat' dir='ltr'>pave-</span> <span class='ocrx_word' id='word_1_75' title='bbox 1263 1298 1267 1305; x_wconf 50' lang='lat'>‘</span> 
     </span>
     <span class='ocr_line' id='line_1_11' title="bbox 187 1413 1157 1514; baseline 0.004 -28"><span class='ocrx_word' id='word_1_76' title='bbox 187 1434 291 1489; x_wconf 86' lang='lat' dir='ltr'>runt:</span> <span class='ocrx_word' id='word_1_77' title='bbox 310 1439 385 1512; x_wconf 87' lang='lat' dir='ltr'>pars</span> <span class='ocrx_word' id='word_1_78' title='bbox 398 1414 544 1488; x_wconf 80' lang='lat' dir='ltr'>maxima</span> <span class='ocrx_word' id='word_1_79' title='bbox 562 1431 678 1488; x_wconf 86' lang='lat' dir='ltr'>natatu</span> <span class='ocrx_word' id='word_1_80' title='bbox 691 1414 833 1503; x_wconf 85' lang='lat' dir='ltr'>assueta,</span> <span class='ocrx_word' id='word_1_81' title='bbox 847 1413 961 1489; x_wconf 85' lang='lat' dir='ltr'>veloci</span> <span class='ocrx_word' id='word_1_82' title='bbox 975 1416 1078 1490; x_wconf 84' lang='lat' dir='ltr'>alueo</span> <span class='ocrx_word' id='word_1_83' title='bbox 1091 1441 1157 1514; x_wconf 85' lang='lat' dir='ltr'>pe·</span> 
     </span>
     <span class='ocr_line' id='line_1_12' title="bbox 187 1519 1156 1612; baseline 0.004 -14"><span class='ocrx_word' id='word_1_84' title='bbox 187 1543 348 1612; x_wconf 75' lang='lat' dir='ltr'>nemeto,</span> <span class='ocrx_word' id='word_1_85' title='bbox 368 1523 550 1597; x_wconf 86' lang='lat' dir='ltr'>incohibili</span> <span class='ocrx_word' id='word_1_86' title='bbox 569 1519 668 1600; x_wconf 83' lang='lat' dir='ltr'>cursu</span> <span class='ocrx_word' id='word_1_87' title='bbox 682 1524 790 1599; x_wconf 87' lang='lat' dir='ltr'>evasit</span> <span class='ocrx_word' id='word_1_88' title='bbox 803 1524 847 1597; x_wconf 90' lang='lat' dir='ltr'>ad</span> <span class='ocrx_word' id='word_1_89' title='bbox 865 1523 1068 1602; x_wconf 72' lang='lat' dir='ltr'>solitudines</span> <span class='ocrx_word' id='word_1_90' title='bbox 1088 1553 1156 1602; x_wconf 90' lang='lat' dir='ltr'>no·</span> 
     </span>
    </p>
   </div>
   <div class='ocr_carea' id='block_1_6' title="bbox 34 1631 1158 1738">
    <p class='ocr_par' dir='ltr' id='par_1_6' title="bbox 34 1631 1158 1738">
     <span class='ocr_line' id='line_1_13' title="bbox 34 1631 1158 1738; baseline 0.003 -28"><span class='ocrx_word' id='word_1_91' title='bbox 34 1711 37 1714; x_wconf 80' lang='grc'><strong>,</strong></span> <span class='ocrx_word' id='word_1_92' title='bbox 138 1733 141 1738; x_wconf 16' lang='lat'>⁸</span> <span class='ocrx_word' id='word_1_93' title='bbox 189 1651 250 1708; x_wconf 82' lang='lat' dir='ltr'>tas.</span> <span class='ocrx_word' id='word_1_94' title='bbox 267 1634 354 1707; x_wconf 82' lang='lat' dir='ltr'>Exin</span> <span class='ocrx_word' id='word_1_95' title='bbox 374 1633 505 1715; x_wconf 84' lang='lat' dir='ltr'>dierum</span> <span class='ocrx_word' id='word_1_96' title='bbox 527 1650 675 1730; x_wconf 73' lang='lat' dir='ltr'>quatuor</span> <span class='ocrx_word' id='word_1_97' title='bbox 692 1631 814 1706; x_wconf 89' lang='lat' dir='ltr'>itinere</span> <span class='ocrx_word' id='word_1_98' title='bbox 831 1632 902 1707; x_wconf 78' lang='lat' dir='ltr'>levi</span> <span class='ocrx_word' id='word_1_99' title='bbox 921 1636 1079 1732; x_wconf 68' lang='lat' dir='ltr'>perablo,</span> <span class='ocrx_word' id='word_1_100' title='bbox 1092 1662 1158 1713; x_wconf 79' lang='lat' dir='ltr'>ve·</span> 
     </span>
    </p>
   </div>
   <div class='ocr_carea' id='block_1_7' title="bbox 189 1742 1158 1843">
    <p class='ocr_par' dir='ltr' id='par_1_7' title="bbox 189 1742 1158 1843">
     <span class='ocr_line' id='line_1_14' title="bbox 189 1742 1158 1843; baseline 0.008 -29"><span class='ocrx_word' id='word_1_101' title='bbox 189 1742 284 1838; x_wconf 88' lang='lat' dir='ltr'>spera</span> <span class='ocrx_word' id='word_1_102' title='bbox 304 1744 481 1817; x_wconf 84' lang='lat' dir='ltr'>incedente</span> <span class='ocrx_word' id='word_1_103' title='bbox 505 1767 585 1816; x_wconf 87' lang='lat' dir='ltr'>cum</span> <span class='ocrx_word' id='word_1_104' title='bbox 606 1743 771 1838; x_wconf 83' lang='lat' dir='ltr'>expeditis</span> <span class='ocrx_word' id='word_1_105' title='bbox 791 1743 887 1818; x_wconf 89' lang='lat' dir='ltr'>mille</span> <span class='ocrx_word' id='word_1_106' title='bbox 908 1746 1073 1843; x_wconf 77' lang='lat' dir='ltr'>impositio</span> <span class='ocrx_word' id='word_1_107' title='bbox 1092 1773 1158 1822; x_wconf 88' lang='lat' dir='ltr'>na·</span> 
     </span>
    </p>
   </div>
   <div class='ocr_carea' id='block_1_8' title="bbox 62 1851 1159 1951">
    <p class='ocr_par' dir='ltr' id='par_1_8' title="bbox 62 1851 1159 1951">
     <span class='ocr_line' id='line_1_15' title="bbox 62 1851 1159 1951; baseline 0.01 -29"><span class='ocrx_word' id='word_1_108' title='bbox 62 1898 66 1906; x_wconf 86' lang='lat'>·</span> <span class='ocrx_word' id='word_1_109' title='bbox 189 1851 316 1941; x_wconf 82' lang='lat' dir='ltr'>vibus,</span> <span class='ocrx_word' id='word_1_110' title='bbox 331 1853 536 1926; x_wconf 82' lang='lat' dir='ltr'>Lucillianus</span> <span class='ocrx_word' id='word_1_111' title='bbox 553 1877 669 1926; x_wconf 85' lang='lat' dir='ltr'>comes</span> <span class='ocrx_word' id='word_1_112' title='bbox 687 1853 858 1950; x_wconf 89' lang='lat' dir='ltr'>imperitia</span> <span class='ocrx_word' id='word_1_113' title='bbox 879 1879 1030 1951; x_wconf 80' lang='lat' dir='ltr'>praecepc</span> <span class='ocrx_word' id='word_1_114' title='bbox 1048 1858 1159 1933; x_wconf 88' lang='lat' dir='ltr'>mitti·</span> 
     </span>
    </p>
   </div>
   <div class='ocr_carea' id='block_1_9' title="bbox 189 1959 1161 2063">
    <p class='ocr_par' dir='ltr' id='par_1_9' title="bbox 189 1959 1161 2063">
     <span class='ocr_line' id='line_1_16' title="bbox 189 1959 1161 2063; baseline 0.005 -31"><span class='ocrx_word' id='word_1_115' title='bbox 189 1976 248 2032; x_wconf 90' lang='lat' dir='ltr'>tur</span> <span class='ocrx_word' id='word_1_116' title='bbox 268 1959 423 2032; x_wconf 79' lang='lat' dir='ltr'>Anathan</span> <span class='ocrx_word' id='word_1_117' title='bbox 444 1959 692 2063; x_wconf 76' lang='lat' dir='ltr'>munimentum</span> <span class='ocrx_word' id='word_1_118' title='bbox 718 1978 993 2057; x_wconf 75' lang='lat' dir='ltr'>expugnaturus:</span> <span class='ocrx_word' id='word_1_119' title='bbox 1011 1965 1107 2059; x_wconf 89' lang='lat' dir='ltr'>quod</span> <span class='ocrx_word' id='word_1_120' title='bbox 1117 1979 1161 2038; x_wconf 85' lang='lat' dir='ltr'>ut</span> 
     </span>
    </p>
   </div>
   <div class='ocr_carea' id='block_1_10' title="bbox 81 2064 1159 2166">
    <p class='ocr_par' dir='ltr' id='par_1_10' title="bbox 81 2064 1159 2166">
     <span class='ocr_line' id='line_1_17' title="bbox 81 2064 1159 2166; baseline 0.002 -26"><span class='ocrx_word' id='word_1_121' title='bbox 81 2135 83 2140; x_wconf 79' lang='grc'>,</span> <span class='ocrx_word' id='word_1_122' title='bbox 189 2067 346 2166; x_wconf 86' lang='lat' dir='ltr'>pleraque</span> <span class='ocrx_word' id='word_1_123' title='bbox 379 2066 444 2140; x_wconf 88' lang='lat' dir='ltr'>alia</span> <span class='ocrx_word' id='word_1_124' title='bbox 467 2065 705 2142; x_wconf 87' lang='lat' dir='ltr'>circumluitur</span> <span class='ocrx_word' id='word_1_125' title='bbox 736 2065 876 2139; x_wconf 84' lang='lat' dir='ltr'>fluentis</span> <span class='ocrx_word' id='word_1_126' title='bbox 898 2064 1159 2164; x_wconf 46' lang='lat' dir='ltr'>Euphratisabt</span> 
     </span>
    </p>
   </div>
   <div class='ocr_carea' id='block_1_11' title="bbox 180 2178 1156 2282">
    <p class='ocr_par' dir='ltr' id='par_1_11' title="bbox 180 2178 1156 2282">
     <span class='ocr_line' id='line_1_18' title="bbox 180 2178 1156 2282; baseline 0.005 -28"><span class='ocrx_word' id='word_1_127' title='bbox 180 2179 356 2269; x_wconf 85' lang='lat' dir='ltr'>navibus,</span> <span class='ocrx_word' id='word_1_128' title='bbox 369 2197 406 2252; x_wconf 92' lang='lat' dir='ltr'>ut</span> <span class='ocrx_word' id='word_1_129' title='bbox 418 2195 623 2277; x_wconf 84' lang='lat' dir='ltr'>pracceptum</span> <span class='ocrx_word' id='word_1_130' title='bbox 637 2178 707 2271; x_wconf 81' lang='lat' dir='ltr'>esi,</span> <span class='ocrx_word' id='word_1_131' title='bbox 723 2205 785 2277; x_wconf 93' lang='lat' dir='ltr'>per</span> <span class='ocrx_word' id='word_1_132' title='bbox 805 2199 1005 2278; x_wconf 85' lang='lat' dir='ltr'>opportuna</span> <span class='ocrx_word' id='word_1_133' title='bbox 1023 2181 1156 2282; x_wconf 85' lang='lat' dir='ltr'>disper-</span> 
     </span>
    </p>
   </div>
   <div class='ocr_carea' id='block_1_12' title="bbox 58 2287 1155 2380">
    <p class='ocr_par' dir='ltr' id='par_1_12' title="bbox 58 2287 1155 2380">
     <span class='ocr_line' id='line_1_19' title="bbox 58 2287 1155 2380; baseline 0.005 -16"><span class='ocrx_word' id='word_1_134' title='bbox 58 2361 59 2364; x_wconf 63' lang='lat'>,</span> <span class='ocrx_word' id='word_1_135' title='bbox 186 2289 247 2380; x_wconf 81' lang='lat' dir='ltr'>sts,</span> <span class='ocrx_word' id='word_1_136' title='bbox 262 2289 475 2363; x_wconf 85' lang='lat' dir='ltr'>obfidebatur</span> <span class='ocrx_word' id='word_1_137' title='bbox 486 2287 611 2380; x_wconf 87' lang='lat' dir='ltr'>insula,</span> <span class='ocrx_word' id='word_1_138' title='bbox 622 2289 787 2364; x_wconf 88' lang='lat' dir='ltr'>nebulosa</span> <span class='ocrx_word' id='word_1_139' title='bbox 798 2291 907 2368; x_wconf 70' lang='lat' dir='ltr'>,node</span> <span class='ocrx_word' id='word_1_140' title='bbox 925 2291 1155 2369; x_wconf 85' lang='lat' dir='ltr'>obumbrante</span> 
     </span>
    </p>
   </div>
   <div class='ocr_carea' id='block_1_13' title="bbox 33 2397 1371 2497">
    <p class='ocr_par' dir='ltr' id='par_1_13' title="bbox 33 2354 1377 2497">
     <span class='ocr_line' id='line_1_20' title="bbox 33 2397 1371 2497; baseline 0.006 -25"><span class='ocrx_word' id='word_1_141' title='bbox 33 2440 37 2450; x_wconf 94' lang='lat'>·</span> <span class='ocrx_word' id='word_1_142' title='bbox 189 2397 352 2495; x_wconf 89' lang='lat' dir='ltr'>impetum</span> <span class='ocrx_word' id='word_1_143' title='bbox 374 2398 630 2472; x_wconf 82' lang='lat' dir='ltr'>clandestinum.</span> <span class='ocrx_word' id='word_1_144' title='bbox 652 2399 718 2470; x_wconf 88' lang='lat' dir='ltr'>Sed</span> <span class='ocrx_word' id='word_1_145' title='bbox 739 2397 920 2497; x_wconf 84' lang='lat' dir='ltr'>postquam</span> <span class='ocrx_word' id='word_1_146' title='bbox 941 2401 1082 2475; x_wconf 83' lang='lat' dir='ltr'>advenit</span> <span class='ocrx_word' id='word_1_147' title='bbox 1094 2402 1236 2480; x_wconf 63' lang='lat' dir='ltr'>lux-</span> <span class='ocrx_word' id='word_1_148' title='bbox 1368 2457 1371 2464; x_wconf 92' lang='lat'>-</span> 
     </span>
    </p>
   </div>
   <div class='ocr_carea' id='block_1_14' title="bbox 117 2508 1156 2720">
    <p class='ocr_par' dir='ltr' id='par_1_14' title="bbox 117 2508 1156 2720">
     <span class='ocr_line' id='line_1_21' title="bbox 117 2508 1156 2608; baseline -0.001 -22"><span class='ocrx_word' id='word_1_149' title='bbox 117 2581 118 2586; x_wconf 75' lang='grc'>,</span> <span class='ocrx_word' id='word_1_150' title='bbox 190 2527 471 2608; x_wconf 86' lang='lat' dir='ltr'>certa‚aquatum</span> <span class='ocrx_word' id='word_1_151' title='bbox 482 2508 622 2607; x_wconf 88' lang='lat' dir='ltr'>quidam</span> <span class='ocrx_word' id='word_1_152' title='bbox 640 2509 805 2606; x_wconf 81' lang='lat' dir='ltr'>egressus,</span> <span class='ocrx_word' id='word_1_153' title='bbox 820 2508 900 2582; x_wconf 82' lang='lat' dir='ltr'>vifis</span> <span class='ocrx_word' id='word_1_154' title='bbox 918 2508 1032 2584; x_wconf 88' lang='lat' dir='ltr'>subito</span> <span class='ocrx_word' id='word_1_155' title='bbox 1047 2511 1156 2587; x_wconf 87' lang='lat' dir='ltr'>hosli·</span> 
     </span>
     <span class='ocr_line' id='line_1_22' title="bbox 191 2615 1155 2720; baseline 0.006 -29"><span class='ocrx_word' id='word_1_156' title='bbox 191 2616 423 2720; x_wconf 26' lang='lat' dir='ltr'>bus-ululabili</span> <span class='ocrx_word' id='word_1_157' title='bbox 441 2618 589 2693; x_wconf 84' lang='lat' dir='ltr'>clamore</span> <span class='ocrx_word' id='word_1_158' title='bbox 609 2615 741 2690; x_wconf 89' lang='lat' dir='ltr'>sublato</span> <span class='ocrx_word' id='word_1_159' title='bbox 755 2668 766 2706; x_wconf 90' lang='lat'><strong>,</strong></span> <span class='ocrx_word' id='word_1_160' title='bbox 780 2616 916 2691; x_wconf 66' lang='lat' dir='ltr'>excitos</span> <span class='ocrx_word' id='word_1_161' title='bbox 938 2618 1155 2696; x_wconf 79' lang='lat' dir='ltr'>tumultuofir</span> 
     </span>
    </p>
   </div>
   <div class='ocr_carea' id='block_1_15' title="bbox 44 2725 1262 2828">
    <p class='ocr_par' dir='ltr' id='par_1_15' title="bbox 44 2725 1262 2828">
     <span class='ocr_line' id='line_1_23' title="bbox 44 2725 1262 2828; baseline 0.005 -28"><span class='ocrx_word' id='word_1_162' title='bbox 44 2793 47 2800; x_wconf 92' lang='lat'><em>.</em></span> <span class='ocrx_word' id='word_1_163' title='bbox 77 2797 79 2802; x_wconf 89' lang='grc'>,</span> <span class='ocrx_word' id='word_1_164' title='bbox 190 2727 338 2804; x_wconf 69' lang='lat' dir='ltr'>&#39;uocibus</span> <span class='ocrx_word' id='word_1_165' title='bbox 356 2743 626 2826; x_wconf 78' lang='lat' dir='ltr'>propugnatores</span> <span class='ocrx_word' id='word_1_166' title='bbox 652 2725 810 2800; x_wconf 83' lang='lat' dir='ltr'>armavit.</span> <span class='ocrx_word' id='word_1_167' title='bbox 838 2727 881 2798; x_wconf 88' lang='lat' dir='ltr'>Et</span> <span class='ocrx_word' id='word_1_168' title='bbox 909 2750 994 2800; x_wconf 81' lang='lat' dir='ltr'>nrox</span> <span class='ocrx_word' id='word_1_169' title='bbox 1019 2727 1155 2828; x_wconf 89' lang='lat' dir='ltr'>specula</span> <span class='ocrx_word' id='word_1_170' title='bbox 1248 2768 1262 2806; x_wconf 76' lang='grc' dir='ltr'><strong><em>ο</em></strong></span> 
     </span>
    </p>
   </div>
   <div class='ocr_carea' id='block_1_16' title="bbox 188 2832 1154 3152">
    <p class='ocr_par' dir='ltr' id='par_1_16' title="bbox 188 2832 1154 3152">
     <span class='ocr_line' id='line_1_24' title="bbox 190 2832 1154 2936; baseline 0.008 -28"><span class='ocrx_word' id='word_1_171' title='bbox 190 2835 335 2934; x_wconf 85' lang='lat' dir='ltr'>quadam</span> <span class='ocrx_word' id='word_1_172' title='bbox 356 2835 508 2910; x_wconf 81' lang='lat' dir='ltr'>altiffima</span> <span class='ocrx_word' id='word_1_173' title='bbox 529 2832 711 2931; x_wconf 80' lang='lat' dir='ltr'>explorato</span> <span class='ocrx_word' id='word_1_174' title='bbox 731 2834 794 2908; x_wconf 84' lang='lat' dir='ltr'>fitu</span> <span class='ocrx_word' id='word_1_175' title='bbox 820 2833 1032 2925; x_wconf 80' lang='lat' dir='ltr'>castrorum,</span> <span class='ocrx_word' id='word_1_176' title='bbox 1050 2861 1154 2936; x_wconf 87' lang='lat' dir='ltr'>quarn</span> 
     </span>
     <span class='ocr_line' id='line_1_25' title="bbox 189 2941 1152 3045; baseline 0.007 -29"><span class='ocrx_word' id='word_1_177' title='bbox 189 2941 339 3018; x_wconf 76' lang='lat' dir='ltr'>ocissime</span> <span class='ocrx_word' id='word_1_178' title='bbox 348 2964 426 3018; x_wconf 87' lang='lat' dir='ltr'>cunr</span> <span class='ocrx_word' id='word_1_179' title='bbox 438 2944 578 3017; x_wconf 84' lang='lat' dir='ltr'>duarum</span> <span class='ocrx_word' id='word_1_180' title='bbox 589 2941 890 3042; x_wconf 76' lang='lat' dir='ltr'>praesrdionaviurn</span> <span class='ocrx_word' id='word_1_181' title='bbox 898 2967 1031 3020; x_wconf 87' lang='lat' dir='ltr'>amnem</span> <span class='ocrx_word' id='word_1_182' title='bbox 1040 2946 1152 3045; x_wconf 75' lang='lat' dir='ltr'>super·</span> 
     </span>
     <span class='ocr_line' id='line_1_26' title="bbox 188 3051 1153 3152; baseline 0.007 -26"><span class='ocrx_word' id='word_1_183' title='bbox 188 3071 279 3126; x_wconf 88' lang='lat' dir='ltr'>meat</span> <span class='ocrx_word' id='word_1_184' title='bbox 291 3055 503 3148; x_wconf 85' lang='lat' dir='ltr'>imperator,</span> <span class='ocrx_word' id='word_1_185' title='bbox 519 3077 610 3152; x_wconf 90' lang='lat' dir='ltr'>pone</span> <span class='ocrx_word' id='word_1_186' title='bbox 626 3051 842 3152; x_wconf 78' lang='lat' dir='ltr'>sequentibus</span> <span class='ocrx_word' id='word_1_187' title='bbox 860 3053 1003 3152; x_wconf 83' lang='lat' dir='ltr'>navigiis</span> <span class='ocrx_word' id='word_1_188' title='bbox 1017 3057 1153 3151; x_wconf 80' lang='lat' dir='ltr'>multis,</span> 
     </span>
    </p>
   </div>
   <div class='ocr_carea' id='block_1_17' title="bbox 188 3162 1317 3269">
    <p class='ocr_par' dir='ltr' id='par_1_17' title="bbox 188 3162 1317 3269">
     <span class='ocr_line' id='line_1_27' title="bbox 188 3162 1317 3269; baseline 0.001 -33"><span class='ocrx_word' id='word_1_189' title='bbox 188 3187 265 3264; x_wconf 83' lang='lat' dir='ltr'>quae</span> <span class='ocrx_word' id='word_1_190' title='bbox 276 3162 503 3268; x_wconf 82' lang='lat' dir='ltr'>obfidionales</span> <span class='ocrx_word' id='word_1_191' title='bbox 512 3162 681 3238; x_wconf 84' lang='lat' dir='ltr'>machinas</span> <span class='ocrx_word' id='word_1_192' title='bbox 692 3163 915 3238; x_wconf 81' lang='lat' dir='ltr'>advehebant.</span> <span class='ocrx_word' id='word_1_193' title='bbox 924 3164 1062 3265; x_wconf 88' lang='lat' dir='ltr'>Jamque</span> <span class='ocrx_word' id='word_1_194' title='bbox 1077 3196 1153 3244; x_wconf 82' lang='lat' dir='ltr'>mu·</span> <span class='ocrx_word' id='word_1_195' title='bbox 1214 3217 1220 3222; x_wconf 91' lang='lat'>-</span> <span class='ocrx_word' id='word_1_196' title='bbox 1260 3167 1265 3180; x_wconf 86' lang='lat'>&#39;</span> <span class='ocrx_word' id='word_1_197' title='bbox 1314 3261 1317 3269; x_wconf 26' lang='grc' dir='ltr'>Ι</span> 
     </span>
    </p>
   </div>
   <div class='ocr_carea' id='block_1_18' title="bbox 107 3273 1153 3483">
    <p class='ocr_par' dir='ltr' id='par_1_18' title="bbox 107 3273 1153 3483">
     <span class='ocr_line' id='line_1_28' title="bbox 107 3273 1153 3379; baseline 0.01 -34"><span class='ocrx_word' id='word_1_198' title='bbox 107 3300 116 3310; x_wconf 82' lang='grc'><em>·</em></span> <span class='ocrx_word' id='word_1_199' title='bbox 190 3275 236 3348; x_wconf 90' lang='lat' dir='ltr'>ris</span> <span class='ocrx_word' id='word_1_200' title='bbox 244 3273 489 3376; x_wconf 74' lang='lat' dir='ltr'>propinquans,</span> <span class='ocrx_word' id='word_1_201' title='bbox 501 3299 578 3351; x_wconf 88' lang='lat' dir='ltr'>cum</span> <span class='ocrx_word' id='word_1_202' title='bbox 587 3300 657 3350; x_wconf 91' lang='lat' dir='ltr'>non</span> <span class='ocrx_word' id='word_1_203' title='bbox 668 3275 791 3379; x_wconf 83' lang='lat' dir='ltr'>absque</span> <span class='ocrx_word' id='word_1_204' title='bbox 799 3276 1045 3352; x_wconf 86' lang='lat' dir='ltr'>discriminibus</span> <span class='ocrx_word' id='word_1_205' title='bbox 1058 3280 1153 3354; x_wconf 86' lang='lat' dir='ltr'>mul·</span> 
     </span>
     <span class='ocr_line' id='line_1_29' title="bbox 190 3383 1152 3483; baseline 0.007 -27"><span class='ocrx_word' id='word_1_206' title='bbox 190 3383 234 3458; x_wconf 86' lang='lat' dir='ltr'>tls</span> <span class='ocrx_word' id='word_1_207' title='bbox 248 3387 469 3462; x_wconf 78' lang='lat' dir='ltr'>consideraret</span> <span class='ocrx_word' id='word_1_208' title='bbox 490 3387 554 3460; x_wconf 89' lang='lat' dir='ltr'>esse</span> <span class='ocrx_word' id='word_1_209' title='bbox 566 3387 780 3473; x_wconf 87' lang='lat' dir='ltr'>certandum,</span> <span class='ocrx_word' id='word_1_210' title='bbox 797 3384 952 3459; x_wconf 87' lang='lat' dir='ltr'>sermone</span> <span class='ocrx_word' id='word_1_211' title='bbox 965 3407 1042 3464; x_wconf 88' lang='lat' dir='ltr'>curn</span> <span class='ocrx_word' id='word_1_212' title='bbox 1060 3391 1152 3483; x_wconf 82' lang='lat' dir='ltr'>leni,</span> 
     </span>
    </p>
   </div>
   <div class='ocr_carea' id='block_1_19' title="bbox 189 3493 1307 3594">
    <p class='ocr_par' dir='ltr' id='par_1_19' title="bbox 189 3493 1307 3594">
     <span class='ocr_line' id='line_1_30' title="bbox 189 3493 1307 3594; baseline 0.01 -30"><span class='ocrx_word' id='word_1_213' title='bbox 189 3509 263 3565; x_wconf 87' lang='lat' dir='ltr'>tum</span> <span class='ocrx_word' id='word_1_214' title='bbox 277 3493 447 3591; x_wconf 83' lang='lat' dir='ltr'>aspero&amp;</span> <span class='ocrx_word' id='word_1_215' title='bbox 458 3495 582 3570; x_wconf 84' lang='lat' dir='ltr'>minaci</span> <span class='ocrx_word' id='word_1_216' title='bbox 596 3497 795 3568; x_wconf 86' lang='lat' dir='ltr'>hortabatur</span> <span class='ocrx_word' id='word_1_217' title='bbox 809 3494 852 3568; x_wconf 86' lang='lat' dir='ltr'>ad</span> <span class='ocrx_word' id='word_1_218' title='bbox 866 3495 1074 3570; x_wconf 88' lang='lat' dir='ltr'>deditionem</span> <span class='ocrx_word' id='word_1_219' title='bbox 1091 3500 1151 3574; x_wconf 90' lang='lat' dir='ltr'>de·</span> <span class='ocrx_word' id='word_1_220' title='bbox 1303 3587 1307 3594; x_wconf 22' lang='lat' dir='ltr'><strong><em>s</em></strong></span> 
     </span>
    </p>
   </div>
   <div class='ocr_carea' id='block_1_20' title="bbox 188 3596 1148 3897">
    <p class='ocr_par' dir='ltr' id='par_1_20' title="bbox 188 3596 1148 3897">
     <span class='ocr_line' id='line_1_31' title="bbox 188 3596 1148 3702; baseline 0.004 -28"><span class='ocrx_word' id='word_1_221' title='bbox 188 3596 369 3676; x_wconf 83' lang='lat' dir='ltr'>sensores:</span> <span class='ocrx_word' id='word_1_222' title='bbox 396 3604 457 3702; x_wconf 92' lang='lat' dir='ltr'>qui</span> <span class='ocrx_word' id='word_1_223' title='bbox 481 3604 524 3676; x_wconf 91' lang='lat' dir='ltr'>ad</span> <span class='ocrx_word' id='word_1_224' title='bbox 551 3603 763 3700; x_wconf 87' lang='lat' dir='ltr'>colloquium</span> <span class='ocrx_word' id='word_1_225' title='bbox 794 3601 904 3699; x_wconf 80' lang='lat' dir='ltr'>petito</span> <span class='ocrx_word' id='word_1_226' title='bbox 936 3602 1148 3694; x_wconf 85' lang='lat' dir='ltr'>Hormisda‚</span> 
     </span>
     <span class='ocr_line' id='line_1_32' title="bbox 188 3710 1147 3897; baseline 0 -111"><span class='ocrx_word' id='word_1_227' title='bbox 188 3710 355 3816; x_wconf 78' lang='lat' dir='ltr'>promissis</span> <span class='ocrx_word' id='word_1_228' title='bbox 377 3712 448 3812; x_wconf 79' lang='lat' dir='ltr'>ejus</span> <span class='ocrx_word' id='word_1_229' title='bbox 471 3719 509 3793; x_wconf 75' lang='lat' dir='ltr'>dr</span> <span class='ocrx_word' id='word_1_230' title='bbox 525 3714 725 3840; x_wconf 77' lang='lat' dir='ltr'>juramentis</span> <span class='ocrx_word' id='word_1_231' title='bbox 748 3714 848 3792; x_wconf 79' lang='lat' dir='ltr'>illeui</span> <span class='ocrx_word' id='word_1_232' title='bbox 861 3713 998 3897; x_wconf 59' lang='lat' dir='ltr'>‚Amplta</span> <span class='ocrx_word' id='word_1_233' title='bbox 1023 3712 1083 3786; x_wconf 82' lang='lat' dir='ltr'>fibi</span> <span class='ocrx_word' id='word_1_234' title='bbox 1105 3715 1147 3837; x_wconf 85' lang='lat' dir='ltr'>de</span> 
     </span>
    </p>
   </div>
   <div class='ocr_carea' id='block_1_21' title="bbox 646 4075 765 4119">
    <p class='ocr_par' dir='ltr' id='par_1_21' title="bbox 646 4075 765 4119">
     <span class='ocr_line' id='line_1_33' title="bbox 646 4075 765 4119; baseline 0.034 -4"><span class='ocrx_word' id='word_1_235' title='bbox 646 4075 661 4115; x_wconf 86' lang='grc' dir='ltr'><strong><em>Ι</em></strong></span> <span class='ocrx_word' id='word_1_236' title='bbox 761 4110 765 4119; x_wconf 47' lang='lat' dir='ltr'>r</span> 
     </span>
    </p>
   </div>
   <div class='ocr_carea' id='block_1_22' title="bbox 0 0 1392 4284">
    <p class='ocr_par' dir='ltr' id='par_1_22' title="bbox 0 0 1392 4284">
     <span class='ocr_line' id='line_1_34' title="bbox 0 0 1392 4284; baseline 0 0"><span class='ocrx_word' id='word_1_237' title='bbox 0 0 1392 4284; x_wconf 95' lang='lat' dir='ltr'> </span> 
     </span>
    </p>
   </div>
  </div>
 </body>
</html>
