2775 4284
226 277 274 346 60
385 275 642 348 nutritur
675 273 1071 365 uinceretur,

108 527 114 538 η
220 423 362 526 ⁸Iuliano
374 451 528 528 peremto
542 482 555 519 ,
574 429 642 530 ipse
657 421 799 528 quoque
811 431 1006 504 nominatus
1021 455 1040 503 a
1055 429 1193 529 paucis,

226 558 264 612 ut
277 539 422 636 imperio
436 540 579 642 digmusz
597 564 661 613 nec
674 539 749 636 post
762 559 911 613 creatum
927 539 1111 614 lovianum
1126 539 1196 637 egit

182 639 185 650 λ
227 647 377 722 modeste
389 677 399 741 ς
426 647 482 720 sed
491 647 666 720 susurrans
691 647 789 744 super
809 648 951 747 negotio
965 647 1119 744 quaedam
1134 672 1196 718 au·

184 757 381 832 diebatur
394 757 661 858 ,invitabatque
681 759 723 832 ad
740 757 912 834 convivia
933 756 1074 830 subinde
1105 755 1196 832 mili
1196 844 1199 851 7
1276 745 1287 754 ’

224 888 324 946 tates.
1075 921 1084 940 ι

206 981 333 1071 tx.
352 972 513 1052 Postridie
526 976 659 1055 Bineses
678 1001 766 1050 unus
778 1001 822 1050 ex
838 915 967 1064 Persis,
983 1001 1086 1075 quem
1104 974 1194 1053 inter

154 1123 157 1132 ¹
224 1089 312 1162 alios
326 1091 490 1164 excellere
507 1089 677 1180 diximus,
692 1089 848 1162 mandata
861 1082 1131 1186 regiscomplete
1146 1087 1197 1160 fe·

225 1197 383 1296 (linaiis,¹
404 1198 563 1296 promilla
588 1143 757 1296 flagilabat
777 1196 957 1269 instanter:
973 1198 1017 1270 ,δι
1038 1195 1197 1291 Principe

225 1306 443 1404 permittente
467 1310 629 1382 Romano
652 1305 837 1384 'civitatem
870 1302 1060 1404 ingreffus„
1087 1305 1196 1402 gentis

225 1415 293 1486 suae
316 1414 446 1513 signum
460 1418 504 1490 ab
518 1441 596 1490 arce
610 1416 758 1505 extulit,
772 1414 1075 1512 submigrationem
1095 1439 1115 1486 e
1132 1438 1196 1509 pa·

226 1522 291 1596 tria
314 1524 448 1618 civibus
469 1521 631 1599 nuntians
654 1526 852 1599 tuttuosam.
869 1527 912 1598 Et
933 1524 1070 1604 vertere,
1084 1522 1195 1596 solum

178 1706 185 1730 f
204 1622 208 1628 ’
226 1632 401 1728 extemplo
427 1656 547 1732 omnes
566 1631 748 1736 praecepti,
757 1657 887 1721 manus
912 1632 1088 1704 tendentes
1116 1654 1197 1714 ora

174 1731 178 1742 '
224 1742 333 1834 bant,
358 1768 401 1815 ne
424 1743 658 1840 imponeretur
680 1732 742 1816 sibi
767 1742 944 1816 necessitas
968 1729 1197 1834 abscedendi,

226 1853 271 1926 ad
288 1853 520 1945 defendendos
546 1872 682 1952 penates
699 1852 732 1926 se
755 1852 848 1927 solos
865 1851 1017 1928 sufficere
1039 1853 1109 1925 sine
1118 1836 1199 1927 ali·
1202 1893 1210 1900 ·
1271 1843 1275 1849 ’

223 1964 348 2038 mentis
361 1964 506 2061 publicis
529 1965 732 2038 affirmantes
750 1965 789 2037 &
803 1961 939 2053 milite,
961 1961 1040 2036 satis
1052 1956 1208 2050 confisis

73 2136 79 2153 ,
126 2091 132 2100 “
177 2150 183 2169 x
226 2071 406 2144 affuturam
432 2071 591 2168 justitiam
615 2098 680 2168 pro
711 2072 847 2170 genitali
869 2072 943 2144 sede
968 2070 1195 2160 dimicaturis,

226 2202 265 2254 ut
289 2187 422 2276 experti
448 2183 524 2254 sunt
553 2184 651 2278 saepe.
668 2189 711 2268 Et
736 2185 811 2255 haec
835 2183 972 2281 quidem
998 2181 1197 2279 suppliciter

169 2303 181 2312 “
227 2290 318 2368 ordo
334 2293 372 2366 &
394 2292 544 2392 populus
558 2293 778 2389 precabatutr
798 2291 854 2366 sed
876 2293 992 2368 ventis
1008 2294 1198 2392 loqueban·
1285 2360 1289 2366 .

137 2466 140 2474 .
227 2418 283 2473 tur
301 2393 501 2523 incaffum,
520 2406 754 2500 lmperatore‚
783 2421 821 2476 ut
855 2401 1005 2503 fingebat
1032 2406 1096 2478 alia
1123 2430 1198 2480 me·

200 2523 346 2600 ¹tuens,
373 2507 517 2607 perjurii
507 2509 665 2607 piacula
691 2511 893 2586 declinante.
917 2511 1009 2584 Tum
1028 2512 1196 2603 Sabinus,
1268 2517 1273 2526 '
1371 2510 1381 2520 '‘

158 2690 162 2698 ,
227 2615 420 2693 fortuna&
441 2645 562 2718 genere
576 2622 666 2696 inter
681 2620 873 2718 municipes
890 2620 1027 2722 clarus,
1049 2644 1111 2692 ore
1126 2645 1197 2694 vo·
1255 2719 1257 2721 -

226 2723 326 2799 lubili
335 2727 538 2824 replicabat,
552 2729 837 2820 Constantiumj
828 2753 968 2802 immam
958 2729 1197 2804 crudescente

150 2895 152 2900 ,
227 2839 413 2912 bellorum
421 2841 585 2930 materia,
612 2840 805 2940 superatum
831 2867 849 2913 a
874 2841 979 2914 Persis
1000 2841 1198 2933 interdum,

229 2950 478 3051 deduciumque
504 2955 679 3051 postremo
701 2953 896 3077 perfugam
918 2979 998 3039 cum
1019 2954 1147 3076 paucis
1154 2955 1198 3026 acl
1220 2969 1232 3016 .‘

229 3057 379 3135 Hibitam
402 3061 618 3136 stationem
609 3078 792 3155 intutam,
815 3061 912 3160 panis
945 3061 1053 3136 frusto
1070 3062 1197 3135 vixisse
1236 3059 1243 3070 ¹

145 3159 150 3169 ‘
230 3169 412 3264 precario,
433 3171 475 3242 ab
495 3197 562 3245 anu
594 3174 741 3272 quadam
758 3173 876 3272 agresti
900 3173 1093 3270 porreelo,
1111 3155 1196 3244 nihil

227 3294 341 3351 tamen
365 3280 408 3351 ad
425 3281 514 3354 diem
515 3281 709 3415 perdidille
725 3279 939 3404 supremum·
956 3282 995 3353 &
1012 3278 1197 3354 Iovianum
1279 3340 1283 3349 .

122 3389 125 3396 ’
192 3359 317 3459 inter
333 3389 483 3464 exordia
500 3386 710 3486 principatus
725 3387 984 3491 provinciarum
1006 3412 1106 3460 muro
1101 3381 1195 3462 ces

227 3493 326 3583 siue,
353 3494 447 3590 cujus
466 3497 611 3572 obice
603 3524 670 3593 ram
698 3500 794 3572 inde'
802 3524 822 3572 a
850 3492 1054 3571 vetustate
1044 3496 1197 3583 innosiae

229 3548 494 3699 pernianserunt.
516 3610 673 3706 Cumque
690 3605 774 3703 niliil
794 3626 1084 3704 promoveretur,
1097 3605 1196 3704 juris·

226 3713 360 3810 jurandi
377 3715 579 3816 religionem
601 3717 760 3818 Principe
778 3715 971 3815 destinatius
984 3717 1197 3817 praetenden-
1241 3751 1245 3760 ·

661 3821 669 3848 l
