2775 4284
818 15 837 94 t

216 229 240 306 t
387 187 1011 302 nunrnur‘unncatmur

217 388 274 462 die
290 388 403 486 primo
423 388 568 486 adusque
590 391 699 463 nullis
718 389 852 463 initium
872 386 1049 462 millilibus
1066 394 1178 460 certa}
1207 453 1209 457 ,

85 521 88 528 ·
182 515 184 520 ’
216 499 324 575 batur.
350 503 438 576 Tum
458 499 649 575 defensores
672 501 789 574 animo
813 502 1004 600 praeilantes
1027 501 1068 573 δι
1089 494 1207 602 uiriQ

217 608 306 698 bus,
318 613 377 709 per
392 613 645 710 propugnacula
660 613 780 687 ciliciis
794 609 943 708 undique
964 610 1178 710 laxiuspan}

216 717 280 806 fis,
295 747 371 816 quae
385 723 531 794 telorum
545 721 690 818 impetus
707 721 926 807 cohiberent,
940 715 1067 789 obtecti
1079 711 1180 788 scutis

218 830 348 904 vimine
372 830 557 907 firmiffimo
585 833 704 921 textis,
729 835 770 908 dc
796 832 980 907 crudorum
1005 846 1181 924 tergorum

217 940 379 1016 denfirare
396 943 543 1034 vestitis,
565 945 764 1018 validiffime
781 942 991 1030 refiliebant,
1005 938 1114 1012 ferrea
1126 933 1183 1007 ni·

219 1049 343 1124 mirum
362 1053 448 1126 facie
466 1054 585 1126 omni:
608 1053 688 1151 quia
704 1046 1184 1148 laminaestngulismembrm

220 1185 297 1232 rum
310 1163 520 1242 lineamentis
536 1167 746 1239 cohaerenter
759 1182 895 1261 aptatae,
906 1161 977 1233 fido
990 1157 1184 1256 operimen-

222 1290 269 1345 to
283 1294 390 1352 totam
404 1275 552 1372 bominis
567 1276 711 1372 speciem
720 1274 966 1370 contegebant·
990 1273 1034 1341 Et
1046 1266 1185 1363 aliquo·

223 1378 287 1454 ties
302 1379 493 1456 Hormisdae¹
507 1387 545 1458 δι
560 1384 726 1482 indigenae
743 1383 915 1481 &regalis
935 1377 1109 1475 colloquia
1121 1398 1186 1471 pe·

220 1505 332 1563 tentes
348 1491 489 1584 obnise,
512 1493 799 1590 propinquantem
821 1490 957 1589 probris
977 1507 1076 1584 atque
1096 1507 1187 1557 con·

224 1596 327 1670 viciis
339 1613 378 1674 ut
391 1602 476 1672 male
490 1599 593 1674 fidum
608 1599 817 1684 ‚incessebant
829 1602 867 1674 δι
881 1597 1084 1670 desertorem
1096 1619 1105 1664 r
1123 1591 1188 1664 bac

163 1699 166 1708 ’
225 1705 318 1780 lenta
334 1710 553 1785 cavillatione
572 1711 639 1784 diei
657 1711 800 1792 maxima
813 1727 907 1805 parte
922 1721 1075 1792 eremta,
1089 1719 1189 1772 tene·

193 1838 199 1844 ·
224 1815 364 1892 hrarnm
391 1821 666 1922 silentioprimo
693 1821 921 1896 multiformes
945 1818 1091 1890 admotae
1114 1810 1191 1883 sunt

224 1929 412 2023 machinae,
429 1953 611 2031 coeptaque
630 1933 774 2008 altitudo
788 1925 999 2028 complanari
1018 1923 1190 1996 foliarum.

223 2039 318 2133 Qnae
337 2043 493 2135 ,vixdum
523 2045 680 2142 ambigua
709 2045 783 2118 luce
811 2038 1004 2114 defensores
1032 2030 1191 2108 intentius

225 2152 472 2246 contemplati,
486 2177 529 2225 eo
545 2155 743 2239 accedente,
756 2152 850 2250 quod
863 2147 1057 2245 angularem
1071 2143 1192 2217 turrim

226 2255 313 2331 illus
327 2259 458 2332 foravit
472 2261 583 2334 arietis
598 2260 810 2350 violentior,
830 2260 952 2333 ruinis
968 2255 1118 2331 civitatis
1131 2254 1194 2325 du-

211 2399 215 2422 ³
227 2366 373 2464 plicibus
387 2370 513 2461 muris,
528 2371 760 2448 continentem
772 2388 943 2467 occupant
957 2393 1087 2456 arcem,
1099 2363 1194 2460 aspe-

228 2475 259 2573 ri
285 2479 413 2558 montis
438 2480 626 2578 interrupta
648 2479 787 2579 planitie
814 2478 1078 2576 superpofitamr
1098 2471 1195 2566 cujus

229 2590 391 2664 medietas
401 2591 441 2669 ¹in
456 2591 596 2665 sublime
618 2592 845 2688 consurgens,
866 2589 964 2662 tereti
983 2585 1110 2659 ambitu
1132 2588 1197 2653 Ar·

231 2698 338 2793 golici
353 2697 438 2775 scuti
450 2701 594 2798 speciem
609 2701 826 2790 ostendebat,
842 2697 903 2789 nili
915 2697 1010 2796 quod
1023 2721 1042 2766 a
1055 2683 1207 2789 septem?

232 2809 348 2882 trione
377 2811 435 2900 id,
454 2813 551 2908 quod
579 2809 783 2885 rotunditati
802 2809 936 2900 deerat,
956 2807 992 2878 in
1019 2798 1197 2899 Euphratis

232 2915 360 2992 liuenta
387 2919 546 3016 projedlae
570 2939 683 2996 cautes
710 2919 912 2995 eminentius
935 2916 1137 2990 tuebantur:
1161 2910 1198 2980 in
1260 2941 1264 2962 =

235 3049 304 3120 qua
323 3028 530 3105 excellebant
552 3030 654 3102 minae
678 3050 881 3114 murorum,
898 3021 1065 3096 bitumine
1079 3021 1116 3092 &
1134 3041 1200 3092 co·

235 3135 368 3233 entibus
393 3137 563 3214 laterculis
593 3135 785 3227 fabricata,
810 3159 884 3234 quo
914 3130 1047 3205 aedificii
1077 3151 1200 3228 genere

215 3245 322 3320 nihil
334 3247 398 3321 elle
412 3246 516 3321 tutius
531 3247 671 3322 constat.
691 3249 831 3344 Jamque
849 3243 1001 3316 ferocior
1015 3240 1110 3311 miles
1123 3263 1204 3333 per·
1293 3275 1297 3284 ·
1368 3238 1369 3263 ¹

238 3353 317 3429 vasa
335 3358 436 3447 urbe,
456 3381 556 3455 quam
575 3356 711 3429 viderat
731 3379 898 3443 vacuam,
917 3348 1075 3424 adversus
1097 3347 1201 3444 oppi-

240 3463 347 3558 danos
366 3467 408 3539 ab
426 3469 508 3540 arce¹
522 3464 724 3539 multimoda
741 3465 807 3537 tela
828 3462 1007 3535 fundentes
1022 3458 1092 3531 acri
1113 3481 1202 3530 con·

220 3567 394 3670 ¹tentione
418 3575 597 3673 pugnabat.
620 3575 709 3648 Cum
732 3571 823 3645 enim
848 3571 950 3643 iidem
971 3565 1202 3665 prohibitores
1239 3569 1243 3577 ’

207 3675 219 3706 ’
240 3684 416 3784 catapultis
433 3683 632 3761 nostrorum
646 3699 844 3786 urgerentur
856 3698 956 3781 atque
969 3674 1104 3754 ballistis
1119 3671 1206 3774 ripst
