2775 4284
181 259 185 269 ·
251 264 322 358 ηε
412 251 1065 332 tttnrturntuceutrut
1139 265 1145 281 ’

252 445 313 496 nas
334 417 481 492 vidimus
504 417 651 503 multos,
666 435 704 487 ut
718 415 960 488 in-tenebrolis
982 407 1226 495 rebus'confuf'

248 524 347 608 'stone
367 533 486 604 cunila
507 529 669 602 miscente
687 555 699 602 ε
715 527 908 600 summatim
932 524 1014 624 quia
1038 549 1102 598 nos
1124 524 1226 620 peni·

253 643 374 714 tillima
394 639 563 738 gestorum
581 636 746 710 memoria
761 635 869 734 fugit,
886 659 963 733 quae
975 634 1129 708 recolere
1138 621 1227 728 ’ροῖ-

251 753 384 841 furnus,
399 747 591 845 expeditius
615 746 842 821 absolvemus.
856 746 973 818 Primo
996 745 1226 818 introvocata

252 859 331 960 post
340 856 677 953 interrogatiunculas
688 857 781 932 leves
792 854 1005 952 pergamius,
1018 877 1038 924 a
1050 851 1226 942 Palladio,

252 992 292 1048 ut
306 971 429 1042 dietum
450 969 516 1059 est,
543 969 723 1065 proditus,
745 970 900 1066 quaedam
920 965 1224 1062 imprecationibus

253 1067 417 1180 frraescille
433 1077 593 1167 nefariis,
608 1077 692 1151 srcut
706 1097 777 1150 erat
789 1076 966 1173 impendio
981 1076 1227 1173 eloquentior,

194 1245 197 1250 -
253 1195 294 1264 δι
308 1191 343 1262 in
365 1190 471 1262 verba
492 1187 682 1285 periculosa
704 1186 898 1286 projellus,
912 1187 1002 1260 inter
1017 1186 1228 1282 ambigentes

254 1300 405 1397 judices,
420 1299 504 1395 quid
523 1299 616 1395 prius
628 1299 735 1398 quari
747 1299 886 1388 debeat,
898 1296 1027 1394 quidve
1040 1293 1228 1392 posterius,
1261 1379 1265 1384 ,

255 1409 371 1482 dicere
399 1407 551 1482 audacter
577 1409 746 1498 exorsus,
777 1408 884 1482 multa
909 1406 1096 1509 hominum.
1120 1403 1229 1479 millia

256 1517 353 1616 quast
368 1517 587 1590 consciorum
601 1517 671 1589 line
685 1515 753 1588 fine
765 1516 944 1612 strependo
962 1513 1140 1604 fundebat,
1152 1517 1230 1586 mo·

173 1719 179 1724 Ι
227 1682 231 1689 a
255 1626 309 1697 do
333 1625 471 1700 nonnb
487 1641 643 1696 extremo
668 1625 804 1696 Atlante
823 1645 1028 1719 magnorum
1047 1620 1230 1695 criminum

257 1734 449 1832 arguendos
459 1735 604 1831 poscens
622 1735 758 1832 aliquos
774 1732 939 1805 exhiberi.
954 1734 1061 1825 Qun,
1075 1749 1114 1804 ut
1139 1757 1229 1806 con·

254 1844 449 1920 sarcimine
473 1844 576 1918 nimis
605 1845 734 1934 ardua,
754 1863 867 1917 morte
887 1842 1074 1931 mulctato,
1089 1843 1230 1942 aliisque

255 1956 422 2054 gregatim
439 1956 516 2052 post
532 1957 628 2029 illum
641 1957 778 2047 occifis,
788 1956 832 2028 ad
844 1955 946 2053 ipsrus
958 1955 1137 2029 Theodori
1151 1983 1229 2030 cau·

225 2165 228 2170 Ι
257 2069 446 2167 sam,quali
459 2070 502 2140 ad
513 2068 697 2166 Olympici
707 2067 899 2141 certaminis
908 2066 1097 2163 pulverem,
1108 2091 1254 2162 perveg

237 2181 366 2253 nitur.
379 2181 521 2258 „tuden
543 2179 598 2252 die
620 2180 709 2251 inter
725 2179 904 2274 complura
919 2176 984 2250 alia
1006 2177 1076 2251 hoc
1089 2203 1232 2276 quoque

256 2285 423 2360 evenerat
442 2284 534 2358 trille
548 2339 561 2375 ,
580 2287 675 2384 quod
688 2288 775 2360 Salia
789 2288 1021 2362 thesaurorum
1036 2290 1139 2386 paulo
1153 2309 1234 2365 ante

257 2419 324 2493 per
341 2395 504 2469 Thracias
522 2419 638 2468 comes
651 2450 662 2487 ‚
676 2423 761 2468 cum
772 2396 814 2470 de
830 2397 980 2470 vinculis
994 2398 1149 2473 educitur
1169 2427 1234 2472 au·

257 2505 431 2598 silendus,
447 2509 486 2580 &
506 2503 625 2581 calceo
647 2507 764 2581 inserit
783 2509 926 2607 pedem,
942 2511 1035 2607 quast
1057 2511 1154 2585 ruina
1176 2511 1233 2582 in·

137 2682 141 2691 .
256 2619 407 2724 cidentis
434 2618 587 2692 immenfi
609 2623 749 2694 terroris
770 2639 912 2718 repente
935 2622 1133 2719 perculsus,
1157 2625 1233 2696 ani·
1338 2650 1341 2655 ’

260 2755 354 2804 marn
375 2730 463 2803 inter
481 2729 698 2802 retinentium
721 2755 843 2803 uranus
862 2729 1002 2806 efflavit.
1030 2732 1231 2806 Constituto

260 2839 378 2935 itaque
395 2834 559 2938 judicio,
579 2839 618 2910 &
643 2837 882 2937 cognitoribus
900 2839 1094 2936 praescripta
1117 2841 1233 2912 ullen-

256 2946 415 3020 ¹tnntibus
432 2945 543 3043 legunt
557 2938 640 3044 ,tsed
663 2973 707 3022 ex
726 2950 904 3022 voluntate
927 2949 1134 3022 dominantis
1156 2975 1235 3020 mo·

257 3056 462 3130 -deranribus
485 3073 658 3132 momenta
679 3058 874 3149 causarum,
893 3060 1021 3133 horror
1045 3060 1238 3156 pervaserat

258 3165 456 3241 universos.
472 3168 586 3242 Totus
598 3170 689 3243 enim
704 3171 825 3246 devius
840 3171 882 3244 ab
897 3171 1055 3269 aquitate
1070 3170 1236 3268 dilapsus,

256 3278 402 3377 jamque
428 3269 650 3354 eruditiorrad
669 3282 882 3374 laedendum,
896 3282 934 3354 in
949 3283 1091 3356 moduni
1114 3306 1236 3354 arena·

259 3391 327 3460 riae
346 3389 484 3480 ferae‚st
503 3391 660 3466 admotus
680 3395 857 3491 quisquam
876 3392 1012 3468 fabricae
1035 3393 1252 3492 diffugillet‚·

261 3497 310 3570 ad
331 3498 486 3572 ultimam
505 3501 632 3580 rabiem
656 3502 826 3576 serviebat.
843 3504 973 3578 Inducti
991 3504 1105 3602 itaque
1130 3505 1238 3576 Patri·

209 3651 212 3658 v
265 3611 392 3686 cius&
414 3611 564 3685 Hilarius
580 3667 590 3703 ,
614 3612 838 3711 ordinemque
855 3615 1020 3712 replicare
1032 3614 1107 3710 juffi
1123 3615 1238 3712 gello·

261 3747 364 3816 runt,
389 3747 467 3798 curn
485 3722 572 3798 inter
594 3725 735 3802 exordia
760 3727 954 3818 variarent,
975 3724 1131 3800 fodicatis
1155 3727 1239 3798 late·

1369 3085 1371 3167 l
