2775 4284
254 216 327 292 282
426 215 681 291 ΛΜΜΙΑΝΙ
710 208 1056 283 ttauceutmt
1345 266 1347 319 4

252 378 346 450 ribus
374 401 517 473 campos
544 374 741 473 implerunt.
771 374 922 447 Diremit
950 374 1023 449 haec
1049 398 1246 469 nunquam

251 485 437 585 pensabilia
454 488 600 575 damna,
621 485 725 585 (quar
741 508 867 582 magno
885 485 987 557 rebus
1009 484 1125 557 stetere
1147 487 1245 569 Ro-

251 600 405 699 manis,)
425 601 524 673 nullo
546 598 729 695 splendore
751 596 863 670 lunari
882 620 955 669 nox
977 595 1124 695 fulgens.
1145 598 1242 668 Pri-

250 696 376 808 maque
389 710 534 808 caligine
552 709 767 783 tenebrarum
785 708 875 779 inter
891 705 1064 804 gregarios
1076 710 1243 801 lmpera-

250 837 322 910 tor‚
335 840 374 895 ut
387 818 524 918 opinati
537 820 695 907 dabatur,
705 816 835 916 (neque
848 814 940 888 enim
955 813 1074 887 vidiffe
1088 812 1120 885 se
1132 812 1240 910 quis-

251 958 376 1033 quam,
391 932 449 1005 vel
461 931 586 1030 praello
601 930 719 1020 luisse,
739 924 968 1025 asseveravit)
980 922 1096 1023 sagitta
1112 925 1239 1020 perni-

252 1043 345 1117 ciose
370 1041 502 1117 saucius
522 1042 616 1115 ruit:
640 1040 828 1138 spirituque
849 1063 935 1113 mox
960 1035 1143 1111 consumto
1166 1035 1239 1106 de-

251 1150 370 1240 cedit,
394 1176 459 1226 nec
485 1150 602 1249 pollea
627 1168 781 1245 repertus
808 1146 857 1221 est
889 1146 1039 1245 usquam.
1067 1144 1237 1217 Hostium

252 1260 346 1334 enirn
367 1259 505 1358 paucis,
518 1259 687 1359 spoliandi
708 1259 816 1359 gratia
831 1277 991 1332 mortuos
1012 1258 1074 1352 'per
1088 1281 1128 1327 ea
1149 1255 1236 1329 loca
1325 1310 1328 1317 -

155 1355 164 1388 ⁴
251 1369 312 1442 diu
334 1368 498 1461 versatis,
519 1371 635 1443 nullus
647 1370 846 1468 fugatorum
862 1368 921 1441 vel
940 1366 1134 1441 accolatum
1146 1364 1235 1439 illuc

251 1477 347 1551 adire
371 1478 420 1551 ell
449 1476 561 1552 ausus.
584 1477 698 1551 Simili
721 1479 817 1552 clade
842 1477 1009 1553 cesarem
1036 1476 1236 1572 accepimus

251 1587 426 1677 Decium,
453 1587 676 1662 dimicantem
700 1614 780 1663 curn
806 1588 958 1661 barbaris
981 1586 1123 1673 acriter,
1148 1584 1233 1681 equi

250 1696 349 1794 lapsu
377 1696 606 1793 prostratum,
630 1723 734 1796 quem
766 1698 958 1773 ferventem
982 1697 1129 1769 retinere
1155 1719 1232 1765 non

252 1804 395 1895 valuit,
420 1804 657 1905 abjeslumque
682 1806 721 1879 in
751 1807 939 1903 paludem,
962 1830 1027 1879 nec
1056 1828 1231 1901 emergere

250 1914 419 2012 potuisse,
439 1942 503 1991 nec
523 1916 687 1989 inveniri.
709 1915 780 1989 Alii
794 1917 937 2005 dicunt,
952 1906 1133 1986 Valeittem
1152 1914 1231 1986 ani·
1348 1914 1349 1927 ¹

251 2048 344 2095 mam
364 2047 437 2095 non
454 2024 628 2099 exhalaffe
646 2024 850 2114 confestim,
863 2024 920 2098 led
940 2050 1018 2099 cum
1031 2024 1231 2097 Candidatis

253 2134 521 2230 &spadonibus
543 2137 664 2237 paucis
681 2162 792 2233 prope
814 2138 858 2211 ad
875 2135 1037 2235 agrestem
1055 2134 1163 2208 casam
1177 2160 1232 2208 re-

204 2326 209 2331 ,
251 2244 360 2316 latum
380 2242 529 2329 secunda
549 2247 812 2343 contignatione
830 2246 926 2321 fabre
944 2247 1132 2337 munitam,
1150 2247 1230 2319 dum

251 2350 396 2426 fovetur
410 2352 569 2427 manibus
588 2354 778 2451 imperitis,
795 2356 1046 2431 circumsessum
1058 2357 1103 2431 ab
1122 2356 1230 2429 hosti·
1349 2449 1350 2457 ἵ

159 2552 164 2561 Ι
252 2464 340 2553 bus,
361 2461 422 2561 qui
437 2462 535 2556 ellet,
553 2463 1001 2563 ignorantibus,dedecore
1023 2465 1231 2563 captivitatis
1349 2486 1350 2501 ¹

184 2622 193 2630 -
252 2592 436 2648 exemtum.
458 2576 548 2648 Cum
568 2575 661 2647 enim
685 2575 912 2673 oppessulatas
936 2571 1053 2668 januas
1074 2598 1231 2669 perrum-

252 2712 335 2784 pere
352 2686 496 2777 conati,
509 2686 569 2784 qui
591 2686 697 2761 secuti
719 2687 845 2776 sunt‚a
867 2702 960 2785 parte
975 2684 1094 2784 penfili
1108 2686 1231 2761 domus

252 2795 379 2895 sagittis
401 2794 665 2889 incesserentur‚
691 2820 736 2869 ne
760 2821 822 2895 per
848 2820 962 2871 moras
984 2795 1230 2892 inexpedibiles

251 2902 1229 3116 ltttllltlssl‘fflsstlzlt§335le“dlltlt

609 3069 622 3103 2
1027 3070 1039 3105 ἱ

252 3146 334 3195 cum
353 3120 553 3197 hominibus
569 3144 780 3203 torruerunt.
801 3128 903 3201 Unde
919 3126 1058 3225 quidam
1079 3126 1121 3199 de
1138 3128 1228 3199 Can·

252 3231 375 3306 didatis
395 3257 456 3329 per
474 3231 655 3308 fenestram
676 3235 808 3334 lapsus,
830 3235 1014 3333 captusque
1038 3264 1059 3311 a
1081 3236 1228 3309 barbaris

252 3344 408 3445 prodidit
419 3345 564 3438 facium,
574 3352 613 3423 δι
625 3373 687 3422 eos
698 3374 851 3425 moerore
865 3350 1006 3439 afflixit,
1019 3374 1141 3449 magna
1155 3348 1227 3447 glo·

252 3454 306 3528 ria
329 3453 570 3547 defraudatos,
589 3458 687 3555 quod
708 3459 878 3531 Romanae
900 3458 950 3532 rei
971 3459 1139 3532 redorem
1160 3480 1227 3531 non

257 3589 380 3665 cepere
402 3564 624 3669 superstitem.
647 3568 771 3669 lsipse·
784 3563 940 3668 juvenis,
961 3570 1099 3649 occulte
1117 3566 1226 3670 postea
