2775 4284
1171 180 1174 186 ,
1213 125 1231 181 l

237 287 309 360 274
351 213 357 223 ¹
395 201 653 341 nuttriri
687 255 1051 332 uinceretur

237 417 373 505 vertisse
386 447 395 493 ε
408 418 485 518 qui,
505 435 604 492 motu
616 417 833 514 Imperatoris
845 443 925 492 cum
940 418 1125 494 abundanti
1140 418 1208 493 mi-

234 532 296 605 lite
312 527 481 627 cognito,
505 526 730 624 popularibus
746 525 887 624 jungere
904 525 1090 631 festinant,
1117 529 1208 603 circa

235 647 392 718 Beroeam
416 642 455 713 δι
481 637 685 732 Nicopolim
704 624 896 735 ingentibus
917 638 1079 734 praelidiis
1103 639 1207 717 fixis:

234 773 337 850 atque
358 748 453 821 illico
477 764 515 818 ut
534 745 659 819 oblatae
679 747 850 821 ocasronis
864 747 1035 821 maturitas
1055 749 1207 846 postula·

136 929 141 942 ,
235 863 312 948 bat,
326 883 403 932 cum
419 856 623 928 trecentenis
647 855 811 954 militibus
833 882 895 954 per
911 856 1063 954 smgulos
1089 887 1206 933 nunte-

232 997 294 1046 ros
306 966 399 1040 lectis
410 1021 423 1054 ,
434 965 641 1042 Sebastianus
652 993 836 1064 properare
847 968 1026 1066 dispofitus
1040 971 1106 1062 etl,
1121 999 1205 1046 con·

172 1077 174 1082 ’
216 1063 362 1158 ‚ducens
389 1076 489 1148 rebus
524 1076 671 1172 publicis
701 1077 832 1172 aliquid
849 1100 928 1164 ,ut
958 1081 1204 1175 promittebat,

175 1279 177 1285 ,
233 1193 378 1274 aelurus,
399 1188 472 1281 Qui
495 1188 673 1260 itineribus
701 1187 854 1260 celeratis
875 1189 1075 1284 conspectus
1097 1218 1217 1290 prope·

231 1296 537 1400 Hadrianopolim,
555 1296 719 1369 obseratis
732 1295 769 1371 vi
787 1297 897 1394 portis
911 1294 1008 1392 juxta
1021 1300 1113 1373 adire
1125 1328 1206 1398 pro·

232 1412 416 1486 hibebatur
427 1435 441 1480 r·
460 1406 579 1481 veritis
594 1403 847 1498 defensoribus,
861 1433 904 1481 ne
917 1433 1036 1505 captus
1055 1411 1097 1483 ab
1111 1412 1206 1484 holle

72 1551 74 1558 ’
109 1539 110 1543 ’
150 1543 154 1550 ’
232 1522 370 1600 veniret
396 1521 435 1592 &
458 1515 685 1606 subornatus,
710 1537 811 1616 atque
838 1518 1053 1616 contingeret
1077 1521 1206 1620 aliquid

231 1633 269 1710 in
291 1627 442 1730 civitatis
464 1627 672 1724 perniciem,
689 1630 792 1726 quale
814 1655 875 1726 per
897 1629 1020 1702 Attum
1037 1630 1205 1704 acciderat
1266 1714 1271 1732 ι

229 1741 431 1816 Comitemt
451 1751 524 1834 quo
551 1763 612 1834 per
633 1735 786 1813 fraudem
814 1739 1058 1838 Magnentiacis
1085 1742 1206 1814 militi.-

230 1851 295 1928 bus
312 1842 435 1944 capto,
453 1844 593 1958 claustra
609 1845 772 1943 patefalla
786 1845 862 1920 sunt
877 1847 1017 1944 Alpium
1029 1848 1208 1924 luliarum.
1248 1853 1251 1855 “
1365 1796 1366 1855 l

232 1958 377 2058 Agnitus
397 1956 631 2046 tamen,1icet
650 1957 747 2047 sero,
770 1957 1000 2048 Sebastianus,
1028 1963 1067 2034 δι
1087 1962 1221 2035 urbem

229 2071 376 2147 introire
399 2069 572 2168 permillus
584 2123 596 2160 ,
610 2069 692 2156 cibo
707 2072 746 2144 δι
766 2070 883 2168 quiete
900 2069 1029 2144 curatis
1053 2097 1119 2168 pro
1142 2099 1207 2145 co·

231 2183 310 2282 pia,
323 2203 411 2277 quos
427 2179 583 2252 ductabat
598 2232 609 2268 ,
625 2177 736 2252 secuta
756 2179 834 2252 luce
853 2180 982 2277 impetu
993 2181 1207 2256 clandestino
1316 2273 1319 2278 ⁸

229 2289 368 2386 erupit:
391 2287 598 2384 vesperaque
620 2287 841 2376 intendente,
863 2291 1065 2364 Gothorum
1090 2292 1205 2365 valla-

140 2430 164 2486 ·,
229 2400 342 2477 torios
366 2421 495 2474 cuneos
516 2421 624 2494 prope
640 2395 770 2472 llumen
788 2399 940 2472 Hebrum
956 2399 1068 2474 subito
1087 2400 1206 2492 visos,

229 2509 399 2614 paulisper
421 2526 567 2606 ,opertus
589 2507 764 2606 aggeribus
789 2511 837 2584 δι·
859 2508 1034 2598 frutectis,
1059 2511 1217 2585 obscura.

228 2623 330 2696 noue
345 2616 506 2714 suspensrs
523 2616 668 2714 paffibus
688 2614 939 2712 incompositos
954 2619 1122 2716 aggreffus
1135 2620 1204 2694 est:

227 2733 384 2828 adeoque
398 2727 607 2824 prostravit,
623 2743 678 2815 ut,
692 2745 814 2822 praeter
834 2753 962 2826 paucos
974 2782 986 2816 ,
998 2753 1094 2826 quos.
1105 2755 1205 2806 mor·

226 2862 263 2916 te
295 2840 461 2916 velocitas
492 2857 663 2914 exemerat
692 2839 849 2934 pedum,
871 2840 1051 2913 interirent
1078 2842 1203 2942 reliqui

226 2975 348 3025 omnes
363 2978 372 3023 r
386 2950 604 3048 praedamque
614 2950 756 3024 retraxit
769 2951 984 3029 innumeram
997 3005 1010 3042 ,
1022 2977 1123 3049 quam
1138 2977 1203 3040 nec

180 3128 184 3140 ,
225 3063 351 3137 civitas
371 3061 577 3156 cepit,·nec
604 3061 761 3158 planities
789 3062 853 3136 lata
881 3087 1091 3159 camporum.
1120 3066 1202 3157 Qua
1321 3056 1324 3067 ¹

223 3171 323 3250 causa
337 3167 483 3271 percitus
497 3172 721 3272 Fritigernus,
734 3177 773 3248 δι
786 3175 1006 3250 extimescens
1020 3230 1031 3266 ,
1046 3202 1089 3250 ne
1105 3178 1200 3267 dux,

223 3305 268 3360 ut
293 3286 378 3383 saepe
408 3284 585 3377 audierat,
611 3283 833 3382 impetrabilis
862 3283 1029 3381 dispersos
1059 3286 1203 3360 licenter

226 3395 366 3470 suorum
381 3397 504 3494 globos
516 3395 694 3504 raptuique
713 3393 1095 3470 intentos·consumetet
1104 3451 1117 3486 ,
1132 3395 1200 3468 im·

173 3589 174 3592 ¹
225 3506 386 3603 provisos
400 3506 575 3583 adoriens:
591 3505 760 3582 revocatis
775 3506 936 3580 omnibus
954 3529 1063 3604 prope
1077 3506 1199 3604 Caby·
1214 3588 1218 3594 ⁴

22 3595 23 3604 ἵ
141 3657 146 3665 ſs
224 3615 283 3692 lert
305 3613 470 3715 oppidum
495 3614 566 3694 cito
587 3612 755 3709 disceffit,
775 3634 814 3689 ut
831 3632 968 3714 agentes
988 3614 1026 3689 in
1045 3611 1217 3713 regioni-4
