2775 4284
226 164 297 260 ηε
381 164 640 237 naturam
673 162 1039 237 uincentum

225 324 431 421 properabat
449 322 593 421 passibus
605 322 691 398 citio
709 326 873 421 Dumque
888 324 977 397 idem
993 348 1102 398 cornu
1116 321 1220 395 nul-a

226 428 265 501 lo
296 432 469 503 etiamtum
495 430 993 513 interturbante‘extenditur,
1019 432 1217 506 horrendo

171 628 179 642 ,
225 535 364 636 fragore
378 538 586 612 fibilantibus
606 542 732 631 armis,
750 540 917 640 pulsuque
938 543 1065 615 minaci
1081 540 1217 616 scuto·
1302 562 1326 608 ⁴

227 672 305 719 rum
333 649 442 722 territi
475 650 610 723 barbari
625 650 828 749 ,quoniam
860 676 936 747 pars
966 675 1087 723 eorum
1119 676 1213 725 curn

228 758 379 833 Alatheo
402 762 442 834 δι
461 760 594 835 Sasrace
618 762 742 860 procul
769 788 896 861 agens,
921 763 959 836 &
982 760 1090 834 accita
1111 786 1215 833 non·

229 868 313 941 dum
335 892 475 943 venerat
488 926 500 959 ,
514 894 675 947 oraturos
692 898 810 969 pacem
831 872 951 947 misere
972 872 1111 970 legatos.
1126 875 1212 944 Eo-

230 1003 305 1050 rum
338 979 417 1051 dum
443 981 610 1055 vilitatem
637 982 777 1079 despicit
809 985 1023 1079 Imperator,
1045 999 1082 1053 ut
1106 978 1211 1055 firma

231 1090 355 1164 fierent
366 1092 564 1189 paciscenda
579 1148 590 1183 ,
607 1093 790 1189 optimates
803 1092 948 1189 poscens
960 1090 1107 1163 idoneos
1122 1090 1211 1162 mit-

232 1201 286 1273 ti:
309 1202 361 1274 illi
380 1203 422 1276 de
443 1203 604 1276 industria
627 1203 869 1277 cunslabantur
883 1256 895 1295 ‚
910 1222 947 1275 ut
969 1199 1057 1275 inter
1071 1196 1212 1271 fallaces

234 1314 384 1390 indutias
404 1318 536 1415 equites
556 1316 607 1390 sui
624 1316 796 1407 redirent,
813 1342 901 1415 quos
923 1314 1030 1389 affore
1049 1310 1114 1407 jam
1130 1310 1213 1408 spe-

235 1428 381 1501 rabant:
400 1432 439 1503 δι
461 1427 558 1502 miles
582 1428 722 1505 fervore
736 1428 923 1525 calesadus
946 1426 1090 1515 aestivo,
1111 1422 1213 1515 siccis

236 1534 392 1612 saucibus
415 1560 661 1614 commarceret
681 1538 854 1612 relucente
876 1534 1099 1633 amplitudine
1119 1558 1215 1607 cam-

237 1674 364 1747 porum
386 1651 578 1742 incendiis,
602 1675 691 1749 quos
712 1650 813 1749 lignis
835 1646 1117 1747 nutrimentisque
1144 1646 1216 1717 ari·

239 1758 292 1829 dis
314 1758 474 1851 subditis,
499 1762 633 1837 ut'hoc
660 1760 781 1852 lieret,
798 1760 901 1833 iidem
916 1760 1030 1832 hostes
1055 1756 1214 1830 urebant.
1282 1821 1285 1829 ,

239 1870 310 1943 cui
331 1872 434 1947 malo·
447 1873 539 1977 aliud
561 1898 703 1974 quoque
727 1873 910 1948 accedebat
932 1869 1096 1976 exigiale,
1117 1868 1227 1965 quod.

240 1972 399 2055 homin'es
417 1986 456 2057 δι
476 1982 626 2078 jumenta
642 1983 813 2060 cruciabat
836 1980 949 2054 inedia
974 1979 1100 2077 gravis.
1123 1982 1217 2050 Inter

242 2094 556 2190 quaetsritigernus,
569 2095 710 2167 callidus
723 2093 829 2166 futuri
845 2090 1036 2186 conjeslor,
1049 2091 1215 2161 Martem-

138 2290 142 2296 ·
243 2223 312 2297 que
334 2197 575 2296 pertimescens
601 2201 811 2296 ancipitem,
834 2201 933 2274 velut
955 2200 1212 2273 caduceatorem

244 2335 355 2381 unum
377 2335 397 2381 e
418 2310 516 2404 plebe
536 2310 596 2381 suo
623 2311 711 2382 milit
732 2311 901 2402 arbitrio,
925 2312 1091 2408 impetens
1117 2309 1210 2383 nobi·

244 2419 296 2494 les
320 2412 492 2518 'quosdam
518 2424 556 2495 &
578 2420 704 2495 eleetos
734 2425 777 2497 ad
802 2422 834 2495 se
859 2424 1057 2520 propediem
1085 2423 1216 2496 obfides

167 2578 196 2631 J
246 2531 566 2630 mitti,impavidus
581 2534 651 2631 ipse
671 2535 745 2607 vim
767 2534 947 2607 militarem
962 2532 1089 2606 laturus
1102 2535 1140 2607 δι
1155 2558 1216 2606 ne-

62 2728 67 2754 ,
131 2674 134 2680 ’
247 2643 395 2721 cessaria.
413 2644 565 2722 Laudato
580 2643 794 2742 probatoque
813 2640 987 2715 formidati
1007 2642 1120 2717 Ducis
1134 2661 1217 2741 pro-

173 2760 180 2770 ’
249 2752 367 2849 posito
377 2808 390 2842 ,
414 2754 571 2825 tribunus
594 2752 774 2849 Equitius,
791 2751 849 2825 cui
871 2770 954 2827 tunc
973 2776 1044 2825 erat
1063 2778 1144 2825 cura
1161 2778 1217 2847 pa·

251 2860 325 2935 latii
347 2861 674 2971 credilta,⁸Valentis
699 2861 940 2959 propinquus,
967 2860 1217 2935 assentientibus

253 2969 385 3045 tundis
406 2969 456 3043 ire
472 2970 631 3069 ,pignoris
652 2970 737 3044 loco
761 2990 889 3045 mature
913 2969 1114 3067 disponitur.
1135 2972 1215 3064 Quo

254 3084 423 3156 renitente
434 3129 450 3173 ,-
462 3082 541 3179 quia
554 3082 657 3157 semel
673 3101 793 3179 captus
811 3083 852 3154 ab
867 3081 1018 3155 hostibus
1029 3135 1041 3172 ,
1051 3080 1216 3179 lapsusque
1251 3180 1255 3187 ι

256 3218 277 3266 a
299 3191 467 3279 Dibalto,
488 3191 807 3267 verebatureorum
820 3191 1070 3265 irrationabiles
1091 3211 1218 3283 motus,

171 3360 179 3376 .
255 3306 484 3381 Richomeres
504 3306 537 3380 se
556 3306 676 3404 sponte
694 3306 822 3379 obtulit
842 3287 1132 3403 propriatireque
1146 3326 1219 3399 pro·

145 3503 151 3507 ,
219 3451 222 3458 ’
256 3417 393 3496 miserat
413 3417 544 3506 libem,
562 3418 741 3514 pulchrum
766 3416 836 3490 hoc
861 3441 1002 3515 quoque
1030 3414 1219 3487 facinus&

258 3528 339 3607 viro
358 3525 546 3607 convenire
567 3524 764 3613 existimans
786 3523 1042 3627 sortitjamque
1064 3521 1219 3624 pergebat
