2775 4284
251 255 297 336 16
400 251 655 328 'AMMIANI
680 251 1044 328 MARCELLlNl

245 414 410 491 niebatur.
432 414 622 488 Accedebat
639 414 690 488 his
710 414 799 488 baud
822 414 931 488 levius
944 413 1068 488 malum
1082 465 1096 504 ,
1112 410 1211 512 quod

245 528 330 602 latta
344 550 461 600 manus
476 529 513 599 &
527 523 687 620 copiosa,
703 549 781 620 quae
794 525 1009 598 obstdebatur
1022 577 1036 612 ,
1053 523 1153 594 nullis
1165 523 1236 594 ad·-

245 636 454 734 dedirionem
475 633 642 706 illecebris
659 633 874 730 dedebatur,
895 634 951 706 sed
973 653 1130 731 tanquam
1153 632 1211 703 su·-

233 765 402 845 vperarura
420 743 477 818 vel
504 745 631 816 devora
661 742 834 817 'cineribus
859 742 1007 838 patrie,
1039 742 1211 815 relislebat

246 854 402 930 adversis.
424 855 494 926 Jam
510 877 596 949 aegre
613 851 843 924 retentabatur
865 849 1012 926 inferens
1028 852 1060 924 se
1074 868 1211 947 proter·

246 963 326 1038 vius
349 961 467 1050 miles,
489 965 526 1036 &
546 987 691 1060 pugnam
711 962 766 1035 vel
786 986 889 1059 aequo
906 987 1035 1057 campo·
1048 960 1210 1055 justoque

96 1099 118 1132 ¹-
170 1117 176 1144 .
246 1071 378 1169 proelio
397 1069 560 1166 poscens:
584 1093 730 1168 cumque
746 1070 897 1166 receptui
914 1089 1115 1154 caneretur,
1132 1068 1211 1140 alst*

247 1180 314 1253 due
339 1178 498 1252 animosis
518 1178 649 1252 bostem
673 1181 815 1278 urgendi
835 1179 1016 1253 conatibus
1040 1180 1210 1252 urebatur.

246 1279 343 1364 Vicit
372 1309 485 1364 tamen
518 1289 712 1363 nostrorum
744 1291 921 1364 consilium
950 1289 1209 1365 contentionem

244 1402 373 1478 titium
387 1401 585 1476 maximam:
601 1401 781 1500 divisisque
796 1404 978 1499 operibus,
993 1401 1108 1474 officia
1121 1400 1210 1497 quisq

243 1537 313 1610 que
330 1505 504 1584 distributa
538 1513 673 1608 capessat
693 1514 855 1588 ocissime.
868 1515 971 1590 Hinc
993 1515 1083 1587 enim
1112 1510 1209 1586 ardui

247 1619 419 1718 suggestus
431 1619 665 1716 erigebantur:
682 1621 761 1708 inde
774 1621 932 1697 fossarum
947 1621 1138 1694 altitudines
1152 1614 1211 1690 alii

44 1745 52 1772 ⁶
125 1811 129 1836 Ι
201 1727 535 1824 jco'mplanabanr:
551 1745 714 1800 tetrarum
728 1729 866 1802 latibula
881 1753 1034 1803 concava
1050 1726 1212 1824 oblongis

191 1906 194 1912 .
247 1837 439 1914 tramitibus
464 1839 544 1912 alibi
572 1839 805 1916 struebantur:
828 1843 987 1929 locabant
1006 1841 1107 1914 etiam
1128 1841 1219 1913 arti-²

134 2037 136 2042 ,
246 1946 330 2022 lices
343 1966 513 2022 tormenta
534 1949 697 2041 muralia,
715 1951 750 2023 in
776 1950 925 2025 funestos
941 1949 1070 2023 sonitus
1085 1975 1213 2046 proru-

246 2075 358 2156 ptura.
379 2059 422 2130 Er
439 2058 616 2131 cuniculos
637 2060 773 2156 quidem
789 2087 866 2134 curn
886 2061 998 2134 vineis
1014 2061 1218 2135 Nevitta&

248 2157 479 2264 Dagalaiphus
504 2169 694 2241 curabant:
716 2170 871 2242 ineundis
890 2188 1004 2243 autern
1040 2166 1213 2245 conllisii·

248 2282 335 2367 bus,
361 2278 637 2352 &defendendis
659 2281 702 2352 ab
719 2281 880 2355 incendio
894 2281 951 2356 vel
975 2283 1214 2380 eruptionibus

247 2388 415 2463 machinis
440 2407 580 2486 praeerat
609 2391 809 2488 Imperator.
847 2394 1026 2491 Cumque,
1051 2410 1213 2492 apparatu

146 2527 150 2534 ·
247 2499 346 2576 omni
366 2498 601 2574 exscindenda
621 2503 714 2574 urbis
736 2502 852 2576 labore
864 2504 1045 2602 multiplici
1056 2505 1213 2578 consume

247 2629 369 2699 maro,
390 2635 503 2709 pugna
526 2609 756 2709 flagitareturr
783 2612 903 2685 Vidor
918 2615 1058 2686 nomine
1075 2614 1144 2686 dux
1160 2637 1214 2685 re·

248 2718 365 2795 versus
385 2719 457 2809 est,
477 2719 625 2819 adusque
643 2721 862 2818 Ctesiphonta
887 2722 1065 2796 itineribus
1088 2723 1214 2819 explo-

248 2828 353 2920 ratis,
374 2827 463 2902 nulla
478 2829 647 2902 obsiacula
662 2832 820 2904 nuntians
835 2831 1025 2904 offendisse:
1033 2835 1116 2925 Quo
1132 2831 1213 2938 effp·

250 2935 314 3010 rari
341 2935 465 3032 gaudio
493 2937 616 3010 milites
648 2963 800 3028 omnes,
830 2940 974 3037 elatique
1006 2937 1214 3027 firmioribus

250 3048 372 3124 animis
385 3048 426 3122 ad
438 3050 634 3122 certandum
650 3104 661 3140 ,
676 3049 805 3148 signnm
820 3050 1084 3150 opperiebantur
1100 3075 1214 3122 arma·

250 3158 289 3230 ri.
311 3159 449 3256 Jamque
472 3157 630 3256 clangore
653 3152 781 3233 Marlio
799 3161 996 3233 sonantibus
1022 3158 1110 3230 tubis
1130 3157 1214 3229 slte-

251 3265 378 3364 pebant
401 3265 559 3363 utrinque
581 3286 712 3363 partes:
739 3271 777 3342 &
799 3267 900 3364 primi
918 3265 1068 3338 Romani
1080 3261 1215 3360 hostem

252 3376 406 3471 undique
425 3376 559 3449 laminis
583 3377 698 3452 ferreis
722 3379 757 3450 in
782 3378 924 3452 modum
949 3375 1060 3448 tenuis
1086 3376 1214 3472 plumae

249 3483 474 3581 conseptum,
497 3484 724 3586 fidentemque
739 3541 749 3577 ,
764 3487 859 3584 quod
883 3485 949 3558 tela
965 3484 1105 3583 rigentis
1130 3483 1214 3558 ferri

250 3597 398 3693 lapsibus
414 3600 554 3696 impasta
572 3600 781 3689 resiliebant,
802 3598 929 3672 crebris
946 3596 1213 3695 procursationi-

208 3809 209 3812 Ἴ
249 3703 369 3784 bus&
382 3707 506 3785 minaci
520 3733 690 3784 murmure
711 3707 934 3814 lacessebant:
960 3729 1214 3806 nonnunquam
