2775 4284
147 273 150 287 ·
264 261 435 334 xtearum
457 259 713 338 casunuuu
734 261 812 331 un
836 254 967 335 xxxt.
1040 289 1106 362 253
1187 235 1193 247 '

139 422 314 496 adventus
329 421 501 522 geptilium
523 421 696 495 addiderat
719 421 931 519 legatorum,
953 423 1109 518 precibus

140 535 185 605 ὅ(
206 530 432 604 obtestatione
447 529 633 627 petentium
654 525 738 604 citra
757 531 884 605 slumen
905 531 1025 628 suscipi
1039 533 1110 628 ple·

141 641 228 712 bem
239 661 408 712 extorrem
423 667 432 712 ε
447 638 622 738 negotium
644 639 768 712 laetitiae
788 639 854 713 fuit
865 639 993 735 potius,
1006 665 1110 734 quam

129 739 294 838 timori,
315 749 451 820 eruditis
480 748 711 821 adulatoribus
741 749 778 819 in
808 747 916 844 majus
939 748 1111 820 fortunam

141 857 318 951 Principis
339 858 601 936 extollentibus:
617 859 713 955 quod
731 881 775 928 ex
795 857 922 929 ultimis
946 857 1044 929 terris
1056 849 1112 927 tot

135 967 310 1040 tirocinia
333 969 468 1042 trahens
489 969 522 1042 ei
548 966 769 1064 necopinanri
791 966 950 1054 offerret,
978 984 1016 1038 ut
1035 966 1114 1037 col·

143 1077 227 1150 latis
244 1077 279 1149 in
295 1075 492 1165 -unumsuis
514 1077 767 1174 &alienigenis
789 1075 920 1149 viribus
942 1074 1111 1147 invidum

143 1188 289 1260 haberet
304 1186 489 1260 exercitum
509 1238 521 1274 ,
542 1187 580 1260 δι
598 1209 663 1281 pro
681 1181 829 1258 'militari
853 1183 1111 1281 supplemento,

145 1299 246 1394 quod
266 1297 509 1393 provinciatim
530 1320 678 1388 annuum
697 1296 929 1390 pendebatur,
950 1296 1112 1368 thesauris

146 1411 324 1486 accederet
344 1407 416 1478 auri
435 1405 588 1480 cumulus
601 1411 765 1502 magnus.¹
791 1409 931 1503 Hacque
951 1407 1007 1505 spe
1031 1409 1112 1479 mir·

147 1537 272 1590 tuntur
287 1515 435 1606 diversi,
454 1515 513 1612 qui
532 1503 610 1590 curn
631 1516 800 1590 vehiculis
822 1517 954 1613 plebem
970 1518 1113 1590 transse-

149 1645 231 1700 rant
249 1628 484 1701 truculentam.
504 1630 547 1699 Et
563 1629 751 1700 navabatur
770 1653 876 1721 opera
898 1626 1056 1723 diligens,
1069 1654 1114 1701 ne

149 1734 214 1831 qui
236 1727 517 1830 Romanamrem
541 1733 718 1810 eversurus
741 1733 1031 1830 derelinqueretur
1054 1736 1113 1809 ve'l
1142 1732 1147 1753 ’

150 1845 320 1942 quassatus
334 1845 457 1918 morbo
474 1845 575 1918 letali.
591 1844 738 1916 Proinde
755 1845 913 1939 permissu
928 1849 1131 1942 imperato·¹

27 2051 30 2058 Δ
149 1952 200 2025 ris
224 1952 416 2025 transeundi
435 1953 632 2026 Danubium
659 1953 793 2048 copiam
810 1955 1014 2051 colendique
1034 1957 1114 2026 ade·
1160 1969 1162 1977 ’

152 2061 204 2159 pti
222 2062 388 2136 Thraciae
421 2077 555 2159 partes,
584 2060 885 2134 transfretabantur
908 2062 944 2135 in
972 2064 1041 2136 dies
1075 2066 1115 2138 δι

152 2171 270 2244 nolles
284 2225 297 2259 ,
313 2169 457 2261 navibus
477 2169 669 2267 ratibusque
687 2173 728 2244 δι
743 2173 871 2245 cavatis
888 2175 1049 2246 arborum
1064 2176 1117 2246 al·¹
1197 2263 1203 2276 ,
1268 2147 1274 2160 ¹
1357 2217 1362 2234 ·

152 2278 228 2354 veis
248 2279 441 2378 agminatim
459 2279 630 2377 impositi:
651 2299 754 2379 atque
778 2307 840 2377 per
858 2309 991 2356 amnem
1011 2283 1116 2381 longe

151 2391 310 2473 omnium
326 2389 584 2477 difficillimum,
600 2389 828 2485 imbriumque
840 2394 1019 2466 crebritate
1029 2410 1117 2468 tunc

154 2498 305 2580 audium,
321 2495 371 2565 ob
393 2494 588 2584 densitatem
609 2493 746 2568 nimiam
771 2492 893 2570 contra
916 2499 1001 2572 isius
1014 2527 1116 2596 aqua-

155 2627 231 2676 rum
254 2603 399 2674 nitentes
419 2601 614 2698 quidam&
633 2622 745 2677 natare
760 2606 900 2693 conati,
918 2607 1024 2679 haulli
1040 2608 1116 2679 sunt

93 2740 95 2744 ·
156 2713 281 2811 plures.
302 2716 350 2784 lta
365 2710 502 2784 turbido
521 2711 711 2798 instantium
733 2714 845 2787 sludio
859 2715 953 2787 orbis
966 2717 1116 2789 Romani
1190 2698 1195 2711 ’

157 2822 325 2920 pernicies
334 2821 529 2895 ducebatur.
544 2821 630 2895 Illud
642 2821 719 2895 sane
733 2845 843 2922 neque
856 2815 1034 2897 obscurum
1049 2825 1116 2916 est,

157 2956 270 3028 neque
288 2930 482 3018 incertum,
501 2928 660 3006 insauslos
681 2932 919 3006 transvehendi
942 2934 1115 3030 barbaram

157 3042 291 3137 plebem
314 3039 506 3126 minislros,
529 3065 708 3114 numerum
722 3041 807 3140 ‘eius
830 3043 1116 3139 comprehendere

157 3151 292 3224 calculo
322 3149 407 3245 saepe
432 3166 623 3240 tentantes,
649 3148 883 3246 conquievisse
916 3147 1090 3253 frustratos
1103 3179 1137 3224 r.
1218 3220 1221 3229 .

159 3285 262 3358 quem
282 3261 341 3356 qui
364 3260 445 3332 scire
468 3259 576 3350 velit,
594 3276 631 3330 ut
652 3258 927 3332 eminentissimus
948 3279 1116 3333 memorat

158 3387 282 3458 vates,
308 3367 431 3466 Lybici
461 3368 546 3440 velit
573 3368 718 3464 aequoris
745 3367 833 3440 idem
859 3365 984 3440 discere
1012 3393 1115 3466 quam
1147 3455 1153 3462 q

159 3476 275 3548 multae
287 3477 444 3574 zephyro
458 3478 637 3550 truduntur
656 3500 777 3549 arenae.
798 3477 1022 3552 Reviviscant
1040 3497 1117 3553 tan·

94 3641 95 3650 a
160 3588 236 3658 dem
255 3587 429 3660 memoriae
447 3591 605 3677 veterea',
622 3588 771 3660 Medicas
785 3588 872 3662 acies
889 3589 1059 3662 dudantes
1074 3583 1118 3685 ad

160 3696 353 3774 Graeciam:
376 3723 452 3797 qua
482 3699 616 3773 dullum
647 3698 857 3797 Hellesponti
887 3690 1142 3798 occupantesl‘
