2775 4284
277 279 442 351 RERUM
468 276 729 351 GESTARUM
755 277 835 384 L1B3
858 277 996 409 JsXXl.
1060 302 1126 376 273
1166 346 1170 367 ,

110 464 123 476 ·’
161 443 239 515 men
260 440 325 531 est,
347 437 694 538 per'Lauriacumad
714 436 954 535 opitulandum
967 438 1133 536 oppressae

78 583 104 634 v.
162 547 251 648 parti
268 548 440 646 ‘porreclis
465 547 643 620 itineribus
673 545 725 619 ire
750 543 919 623 tendebat.
945 545 1133 644 Iisdemque

47 669 50 682 '
163 659 282 734 diebus
302 658 476 758 Frigerido
497 656 603 729 multa
626 673 728 753 atque
750 653 847 728 utilia
869 679 934 780 pro
957 653 1134 728 securitate

163 796 340 844 commum
331 768 585 844 sollertillime
608 765 796 865 cogitanti,
819 763 1021 862 munireque
1049 789 1134 868 pro·

150 880 298 1016 peranti
318 883 507 956 Succorum
531 880 724 980 angustias,
746 905 790 953 ne
808 879 1046 955 discursatores
1066 879 1135 951 ho·

150 973 231 1064 ttes
241 994 281 1065 δι
294 990 388 1064 leves
401 1008 587 1112 ,tanquam
601 985 870 1063 exaestuantes
835 1016 873 1063 vr
887 1005 1057 1061 torrentes
1073 1011 1134 1083 per

165 1096 455 1196 septemtrionales
477 1096 676 1220 provincias
697 1095 800 1169 sarlius
814 1113 1044 1196 vagarentur3
1058 1094 1136 1168 suc·

165 1205 274 1280 cessor
290 1209 430 1279 Maurus
452 1206 592 1278 nomine
615 1203 761 1277 mittitur
780 1207 927 1291 Comes,
941 1203 1072 1280 venalis
1087 1202 1137 1276 se·
1192 1278 1193 1281 ,

131 1309 134 1326 ’
165 1313 272 1388 rociae
296 1314 432 1412 specie,
453 1317 490 1389 δι
518 1314 560 1385 ad
590 1313 713 1386 cunila
741 1311 880 1384 mobilis
897 1311 969 1386 &'
959 1328 1137 1385 mcertus:

166 1425 283 1511 idem,
306 1449 409 1522 quem
431 1421 681 1519 praeteritorum
697 1436 793 1492 textu
815 1421 1011 1512 retulimus,
1025 1407 1136 1493 ambi-

166 1536 258 1630 genti
283 1532 379 1634 super
399 1557 531 1612 corona
554 1531 657 1627 capiti
647 1528 882 1626 imponenda
901 1530 1036 1604 Juliano
1057 1532 1139 1604 Cae
1222 1526 1224 1530 ’

168 1643 254 1732 sari,
270 1644 377 1717 dum
368 1661 457 1716 mter
476 1641 548 1736 ejus
561 1642 747 1738 armigeros
761 1639 940 1729 militaret,
956 1665 998 1714 ac
1012 1640 1140 1738 regiam

167 1752 353 1826 custodiret
364 1773 547 1848 ,torquem
565 1749 723 1823 obtulisse
741 1748 836 1822 collo
849 1747 1051 1824 abstractam.
1067 1751 1140 1825 Re-

168 1861 349 1959 motusque
368 1861 404 1935 in
423 1859 494 1959 ipsa
512 1857 679 1957 vertigine
703 1856 916 1955 pereuntium
941 1884 1054 1933 rerum
1068 1860 1140 1932 dux

166 1991 282 2046 cautus
297 1976 335 2048 bc
354 1971 519 2070 diligens:
535 1997 637 2060 cum,
657 1967 785 2042 etiamst
800 1959 928 2043 dudum
948 1967 1138 2042 disceffiffet

170 2083 206 2156 in
232 2083 362 2174 otium,
376 2085 420 2156 ad
440 2081 654 2178 procinctum
679 2079 800 2155 reduci
821 2079 1041 2181 negotiorum
1068 2103 1139 2152 ma·

169 2193 347 2294 gnitudine
369 2190 530 2290 poscente
550 2191 699 2264 deberet.

218 2308 280 2380 XI.
303 2303 364 2377 His
384 2303 474 2377 sorte
494 2304 613 2378 diebus
633 2304 760 2386 Valens
775 2305 911 2380 tandem
922 2303 1053 2381 excitus
1068 2305 1140 2378 An·

168 2415 323 2506 tiochia,
348 2416 563 2513 longitudine
589 2415 725 2487 viarum
747 2417 883 2488 emensa
911 2417 1010 2491 venit
1037 2417 1141 2489 Con·
1179 2417 1184 2428 ’

170 2525 430 2620 slantinopolim
445 2552 454 2597 ι
469 2524 530 2596 ubi
550 2540 701 2596 moratus
719 2524 935 2619 paucissimos
950 2525 1038 2615 dice,
1054 2525 1143 2599 sedi·
1239 2514 1243 2529 “

169 2633 336 2732 tioneque
348 2629 566 2727 popularium
583 2629 654 2704 levi
669 2629 842 2729 pulsatus,
855 2632 1050 2707 Sebastiano
1062 2658 1144 2730 pau·

169 2744 208 2817 lo
220 2760 299 2822 ante
311 2741 355 2814 ab
368 2737 486 2830 Italia,
499 2761 536 2816 ut
544 2758 701 2840 petierat
714 2742 814 2818 misso
824 2744 1039 2844 vigilantia
1049 2767 1143 2820 norae

170 2849 323 2940 ductori,
343 2795 502 2948 pedestris
528 2851 694 2926 exercitus
721 2877 805 2928 cura
824 2853 1019 2947 commissa,
1036 2879 1141 2954 quem
1198 2872 1215 2909 -'

170 2962 309 3062 regebat
332 2977 430 3034 antea
450 2959 642 3057 Traianus·
652 2960 733 3068 ipse
752 2949 796 3036 ad
818 2964 1048 3040 Melanthiada
1071 2964 1143 3044 vil·

170 3074 240 3149 lam
260 3070 482 3148 Caesarianam
501 3035 696 3169 prosedds,
718 3071 861 3149 militem
890 3074 1061 3172 stipendio
1083 3075 1148 3152 so·‘
1208 3125 1214 3136 .

171 3183 277 3256 vebat
288 3237 301 3271 ,
319 3183 358 3254 &
379 3180 570 3271 alimentis,
596 3183 634 3256 δι
657 3181 782 3255 blan-da
805 3184 985 3258 crebritate
1011 3187 1146 3264 sermo!
1244 3273 1247 3287 ,

173 3319 276 3366 num
289 3292 390 3366 Unde
413 3319 491 3368 cum
515 3292 635 3366 itinere
656 3291 768 3367 edicto
785 3315 846 3392 per
859 3293 1011 3367 tesseram
1028 3294 1143 3370 Nicen
1163 3312 1168 3323 “

173 3401 342 3489 venisset,
362 3427 439 3501 quar
468 3403 567 3477 slacio
589 3403 636 3478 ita
666 3403 954 3530 cognominatur,
975 3405 1142 3480 relatione
1265 3425 1268 3428 ’

173 3511 425 3608 speculatorum
447 3513 586 3602 didicit,
599 3512 743 3588 refertos
753 3538 870 3612 optma
881 3515 1043 3589 barbaros
1056 3541 1143 3614 prae·

174 3621 216 3694 da
234 3647 253 3693 a
273 3620 473 3724 Rbodopeis
492 3623 651 3698 tractibus
665 3648 775 3722 prope
789 3624 1145 3724 Hadrianopolim

222 3737 390 3818 Ammiaa
408 3738 588 3812 Marcellin.
609 3745 684 3814 Vol.
662 3742 748 3813 ἱ.11
980 3738 1002 3810 S
