2775 4284
239 283 243 305 ‘
302 391 303 396 Ν
344 267 511 368 neuun
537 287 795 363 sessanum
821 289 898 361 nn.
923 287 1079 371 xxvi„
1140 309 1184 381 75

229 447 353 543 jasium
372 453 441 544 esi,
454 453 641 549 absolutus,
656 480 732 528 cnm
755 453 837 528 vitae
853 454 977 551 pudere
990 442 1127 524 deberet
1149 453 1189 523 &
1274 438 1276 453 ¹

230 562 360 660 culpae,
384 588 458 636 non
479 563 656 638 abolendae
677 563 831 639 incubuit
851 564 1015 638 maculae:
1037 552 1093 634 sed
1116 580 1190 632 tan·

227 695 330 770 quarn
344 673 431 747 inter
443 676 571 750 multos
584 675 769 772 probrosos
788 675 877 750 solus
894 697 1022 748 vacuus
1037 673 1079 745 ab
1092 670 1189 744 omni

178 783 190 798 ‘
230 781 354 855 delicto
363 809 480 882 ‚equo
501 786 676 884 phalerato
697 785 839 882 insidens
861 782 1112 908 discurrensque
1131 802 1202 877 per

227 887 356 979 filices,
372 892 479 968 multa
495 895 571 994 poll
587 895 620 970 se
637 921 732 970 nunc
746 874 849 994 usque
864 894 966 982 trahit
979 893 1112 1018 agmina
1124 891 1192 964 ser·

228 1000 391 1077 vulorum
402 1056 415 1094 ,
436 1029 497 1104 per
519 1031 651 1102 novum
677 1007 850 1107 quoddam
872 1007 1002 1105 insigne
1026 992 1192 1079 curiosius

138 1163 141 1169 n
227 1106 368 1206 spemn
380 1113 561 1190 affemns
552 1135 613 1192 ut
625 1115 797 1192 Durllrum
810 1115 1002 1214 accepimus
1015 1131 1193 1200 veterem,

226 1223 308 1320 post
327 1226 474 1326 gloriosa
494 1229 553 1304 illa
573 1230 706 1304 navalis
719 1231 769 1304 rei
785 1227 967 1305 certamina
979 1226 1015 1298 id
1031 1224 1090 1297 fibi
1105 1203 1191 1294 stim·
1259 1320 1263 1329 Ι

85 1429 89 1449 Ι
115 1421 119 1432 .
170 1397 173 1402 .
197 1398 201 1407 s
230 1332 325 1426 fille,
348 1355 386 1409 ut
403 1337 544 1414 tibicine
567 1339 677 1414 lenius
698 1341 904 1439 praecinente
924 1337 1046 1411 rediret
1070 1334 1112 1407 ad
1134 1331 1193 1403 sua

229 1444 307 1540 post
327 1470 474 1522 coenam.
490 1451 559 1522 Sub
578 1451 648 1526 hoc
662 1469 776 1525 tamen
791 1445 1054 1551 Apronianoxita
1067 1440 1191 1540 jugiter

226 1555 331 1651 'copia
362 1558 622 1637 necessariorum
653 1560 873 1649 exuberavit,
895 1578 936 1632 ut
959 1555 1051 1628 nulla
1076 1552 1192 1625 saltem
1276 1581 1281 1585 ·

229 1663 325 1758 levia,
344 1693 517 1744 murmura
540 1669 639 1769 snper
655 1671 776 1769 inopia
797 1661 1192 1766 virtui'congruentium

230 1773 403 1850 orirentur
417 1807 427 1852 r
440 1783 538 1878 quod
556 1783 680 1856 assidue
692 1786 816 1856 Romae
834 1780 1013 1879 contingit.

279 1886 337 1956 tv.
358 1889 404 1960 At
424 1888 459 1959 in
487 1889 648 1990 Bithynia
671 1891 930 1965 Valentinianus
949 1888 1133 1983 Princeps,
1154 1855 1194 1958 ut
1250 1969 1258 1979 κ

230 1993 467 2090 prediximus,
486 1999 688 2093 declaratus,
709 2002 790 2093 dato
810 2001 845 2074 in
863 1997 1086 2098 perendinum
1104 1995 1193 2068 diem
1237 2032 1242 2040 ·

231 2102 325 2202 slgn'o
346 2103 605 2203 proficiscendi,
625 2111 831 2186 convocatis
851 2109 1083 2212 primoribus,
1101 2102 1194 2202 quast

222 2226 305 2287 ‘tota
329 2219 468 2294 consilia
484 2247 592 2322 quam
615 2223 676 2296 srbi
704 2225 869 2322 placentia
893 2223 1093 2308 secuturus,
1115 2239 1192 2312 per·

233 2330 449 2422 contabatur,
460 2357 643 2430 quemnam
660 2335 724 2408 ad
715 2335 848 2434 tmperir
838 2329 1074 2409 consortium
1087 2315 1193 2421 o'por·

125 2467 132 2473 ·
229 2455 318 2511 teret
347 2441 488 2514 aslumir
516 2443 754 2543 silentibusque
777 2445 936 2532 tundis,
963 2421 1233 2539 Dagalaiphusss
1297 2503 1303 2510 .

233 2565 317 2624 tunc
336 2551 494 2650 equestris
517 2557 647 2632 militie
669 2560 781 2631 cedor
808 2554 983 2654 respondit
1007 2549 1193 2622 fidentius:

233 2661 273 2729 Si
290 2685 361 2731 tuos
371 2659 539 2760 ,lnqult‚
554 2693 666 2756 amas,
684 2671 858 2760 Imperator
867 2688 982 2760 opums
995 2715 1007 2748 ,
1022 2661 1115 2730 babes
1118 2656 1195 2747 fra

232 2771 370 2869 trem,·fi
353 2777 536 2876 arempubl
523 2803 603 2847 ccam
617 2830 629 2866 ‚
642 2803 787 2885 querc,p
787 2805 854 2848 uem
866 2777 984 2880 vestias.
1002 2767 1087 2862 ero
1102 2767 1212 2838 ditto'

227 2875 400 2976 'asperatus
412 2882 490 2969 ille,
506 2884 562 2958 sed
576 2889 714 2975 tacitus,
733 2892 771 2963 &
768 2805 981 2972 inteutans,
998 2905 1074 2980 quae
1094 2876 1193 2975 cogi·
1275 2908 1292 2941 x

231 2987 341 3076 tabat,
358 2987 595 3063 Nicomediam
612 2991 830 3066 itineribus
801 2993 877 3068 crtis
890 2986 1049 3089 ingressus
1062 2984 1195 3060 Kalen·

233 3095 285 3168 dis
308 3097 461 3189 Martiis,
474 3100 653 3175 Valentem
667 3101 804 3176 fratrem
820 3101 950 3174 stabulo
968 3097 1028 3170 suo
1042 3120 1120 3170 curn
1134 3092 1195 3164 tri·

224 3205 379 3280 bunatus
410 3207 572 3309 dignitate
592 3210 755 3308 praefecit.
776 3211 924 3307 Indeque
948 3231 1028 3282 cum
1054 3203 1195 3299 uenisset
1306 3296 1311 3302 ἱ
1383 3200 1384 3275 l

234 3321 592 3421 Constantinopolim,
608 3325 714 3398 multa
732 3322 843 3396 secum
856 3321 925 3418 ipse
939 3317 1143 3404 divolve'ns,
1156 3316 1195 3388 δι

233 3429 465 3530 magnitudine
485 3435 677 3534 urgentium
704 3432 925 3530 negotiorum
946 3428 1013 3525 jam
1035 3427 1069 3500 se
1096 3425 1195 3521 supe·

233 3539 300 3611 rari
323 3541 560 3619 considerans:
581 3543 669 3638 nihil
686 3544 888 3616 morandum
909 3560 1019 3626 ratus,
1038 3537 1199 3635 quintum

234 3647 380 3726 Kalend.
400 3650 525 3745 Aprilis
549 3652 752 3748 produdlum
785 3651 928 3723 eundem
954 3646 1131 3738 Valentem
1156 3643 1193 3714 in
1236 3734 1249 3752 s

233 3757 487 3855 suburbanum,
509 3762 746 3839 universorum
779 3762 950 3838 sententiis
975 3758 1192 3838 concinenti*

935 4047 945 4080 s

1382 3682 1383 3731 r

1381 3866 1384 3941 ι

1326 4015 1331 4027 ·
1380 3976 1383 4043 ¹
