2775 4284
84 256 87 265 ’
202 235 321 338 x'112
420 256 1061 379 Αιιιιιιιιιιιιιιοιιιιιιι

252 429 485 530 magnitudine
515 398 753 518 fluentorum,
777 397 1067 520 Marcianopolim
1098 420 1141 495 ad
1165 418 1222 493 hi·-

252 541 358 613 berna
375 537 528 613 discessit.
552 535 660 609 Simili
679 529 870 633 pertinacia
883 537 986 609 tertio
1000 560 1139 634 quoque
1158 559 1223 607 an
1300 604 1306 611 .

73 683 80 699 ·
142 659 149 671 ’
253 675 303 725 no
329 676 388 747 per
422 649 649 723 Novidunum
682 648 829 720 navibus
856 644 899 720 ad
930 647 1222 740 transmittendam

253 786 387 833 amnem
411 758 576 831 connexis
604 776 769 854 perrupto
790 756 978 830 barbarico
982 755 1223 846 ‚continuatis

252 866 431 940 itineribus
463 864 598 961 longius
631 883 765 962 agentes
797 866 1041 962 Greuthungos
1074 863 1223 936 bellico

253 978 321 1051 sam
347 994 483 1073 gentem
510 972 675 1071 aggressus
696 972 764 1047 est:
790 974 932 1072 poslqu'e
956 967 1090 1048 leviora
1112 993 1223 1049 certa·

252 1087 346 1163 mina
375 1082 621 1159 Athanaricum
643 1108 682 1157 ea
706 1084 902 1181 tempestate
931 1083 1078 1179 judicem
1100 1102 1223 1181 poten·

252 1195 444 1283 tissimum„
461 1192 576 1267 ausum
604 1193 750 1267 resistere
773 1220 851 1269 cunr
880 1218 1006 1284 manu,
1028 1220 1130 1291 quam
1162 1190 1224 1263 libi

89 1313 92 1330 '
146 1400 153 1411 Ι
254 1303 435 1378 crediderit
462 1303 650 1401 abundare,
671 1321 905 1375 extremorum
934 1325 1026 1376 metu
1050 1294 1167 1401 coegit
1184 1301 1222 1374 in'

253 1415 370 1514 sugam
385 1442 394 1489 r
409 1412 546 1511 ipseque
565 1438 642 1485 cum
662 1413 824 1485 omnibus
851 1412 916 1485 suis
936 1413 1222 1509 Marcianopolim

133 1619 134 1630 ι
253 1526 456 1618 redivit,ad
469 1525 614 1601 hiemem
626 1527 807 1623 agendam,
822 1526 910 1599 utin
922 1526 989 1597 illis
999 1525 1159 1630 tradib'us
1171 1528 1223 1599 ha·
1274 1574 1277 1579 -

253 1638 369 1717 bilem.
395 1638 544 1712 Aderant
561 1636 637 1734 post
651 1636 805 1711 diversos
819 1636 955 1709 triennii
972 1626 1065 1709 casus
1082 1633 1224 1709 finiendi

255 1750 338 1825 belli
357 1748 506 1822 materiae
528 1746 750 1845 tempestivas
773 1740 903 1838 Prir'na,
919 1747 1017 1846 'quod
1030 1772 1074 1819 ex
1091 1745 1227 1825 Prisci-2
1251 1768 1257 1785 ·

254 1862 308 1962 pis
329 1862 487 1935 diuturna
499 1856 739 1985 permansione
757 1880 866 1931 merus
879 1826 1223 1957 augebaturhosiilis:

256 1972 362 2096 dein,
374 1973 469 2070 quod
490 1970 708 2047 commerciis
727 1969 865 2059 vetitis,
880 1968 997 2042 ultima
1018 1969 1224 2042 necessario'·

254 2108 333 2157 rum
353 2080 471 2178 inopia
493 2079 628 2153 barbari
648 2079 922 2175 stringebantur,
939 2078 1024 2150 adeo
1040 2087 1080 2149 ‘ut
1094 2078 1225 2176 legatos

256 2188 424 2285 supplices
448 2186 560 2283 saepe
547 2188 754 2277 mittentes,
770 2187 938 2279 venialem
962 2187 1141 2284 p'osce'rent
1164 2194 1225 2284 pa'·

253 2306 345 2374 cem.
369 2298 504 2391 Quibus
523 2301 713 2393 Imperator
734 2296 827 2368 rudis
835 2290 999 2394 quidem,
1014 2302 1133 2371 verun'r
1149 2298 1225 2395 sp'e2

256 2414 366 2485 dator
379 2406 492 2481 adhuc
507 2406 710 2503 aequissimus
723 2425 845 2479 rerum
843 2407 1045 2505 ,antequam
1061 2407 1226 2481 adulatio

141 2512 145 2518 ⁴
256 2546 341 2595 num
356 2516 593 2619 perniciosis
579 2516 747 2602 illecebris
771 2538 900 2614 captus
905 2518 1160 2642 rempublicam
1169 2519 1227 2591 su

256 2630 395 2705 neribus
411 2646 578 2725 perpetuo
599 2624 762 2700 deflendis
774 2626 989 2723 affligerets
980 2654 1017 2698 ιιι
1038 2648 1225 2701 commune

258 2733 454 2817 consultans
470 2756 586 2834 pacem
601 2736 680 2809 dare
695 2754 901 2834 oportere
876 2737 1040 2812 decrevit.
1066 2738 1225 2835 Milli‘que

258 2850 405 2928 viciffim
425 2848 545 2925 Vidor
564 2850 603 2923 δι
623 2846 840 2936 Arintheus,
855 2848 914 2948 qui
937 2852 1022 2922 t'unc
1040 2849 1226 2945 equestrem

160 2978 164 2987 ’
260 2987 300 3035 ac
316 2956 501 3057 pedestrem
516 2952 670 3027 militiam
687 2954 830 3051 agebant
844 2973 859 3027 ι
869 2955 1027 3054 quicum
1042 2951 1226 3053 propofitil

207 3159 212 3163 .
254 3068 518 3146 ¹conditionibus
531 3066 677 3140 assentiri
692 3066 831 3141 Gothos
844 3067 1032 3165 docuissent
1044 3070 1226 3144 liter'isxve'e

259 3180 325 3269 ris,
342 3174 559 3275 praestituitur
576 3177 828 3273 componendae
849 3178 926 3275 paci
939 3178 1152 3253 conveniens
1169 3168 1227 3252 l'o's

139 3370 146 3382 ,
251 3298 330 3362 cus.
345 3290 388 3358 Et
398 3310 560 3382 quomam
574 3286 738 3359 asserebat
752 3286 994 3376 Athanaricus,
1006 3287 1065 3360 sub
1078 3288 1226 3363 timendi

250 3395 492 3473 ¹exsecratione
508 3393 727 3490 jurisjurandi
753 3396 784 3469 se
805 3396 870 3469 elle
890 3397 1108 3488 obsl'rislunt,
1130 3404 1227 3470 mam

260 3503 408 3602 datisque
433 3504 643 3599 prohibitum
667 3506 789 3601 patris,
806 3530 855 3577 ne
874 3500 982 3579 solunt
1003 3508 1147 3581 calcaret
1160 3508 1227 3580 ali·

260 3617 398 3715 quando
418 3616 681 3703 Romanorum,
694 3617 733 3688 δι
750 3616 839 3712 adigi
859 3640 932 3688 non
955 3636 1109 3713 poterat,
1127 3617 1227 3690 inde·

257 3744 537 3831 corumqueerat
551 3728 589 3803 δι
612 3728 682 3839 pile
702 3729 744 3802 ad
760 3730 837 3803 eum
854 3730 1097 3828 Imperatorem
1110 3737 1224 3803 'transi
