2775 4284
239 203 305 288 ur
379 137 1082 268 ruu'rrur'utncerutrtt'u

233 356 332 428 lones
348 354 472 426 elatum
496 354 616 456 pullati
636 354 826 450 praec'edere
849 353 1023 427 bonotrti
1036 352 1202 450 complu·

234 487 311 552 res,
331 463 418 535 inter
436 487 523 560 quos
543 467 580 537 δι
601 461 720 535 fratres
739 461 814 556 jussi
834 463 911 537 sunt
924 462 1129 537 consulares.
1150 463 1204 535 lbi

235 597 318 647 runc
331 574 470 648 rectoris
480 573 616 670 impetis
633 575 739 646 caries
753 591 829 646 tota
846 565 1039 646 stoliditatis
1051 573 1201 668 apertius
1274 647 1278 652 .

235 683 284 755 esl
297 683 472 782 profanata
488 686 660 780 :quicum
676 685 842 757 abstinere
854 681 1096 756 inconsolabili
1107 683 1203 755 malo

238 815 431 890 rogaretur,
450 791 566 864 obnise
590 791 786 865 inflexibilis
805 793 947 865 mansit:
967 809 1005 864 ut
1027 793 1205 866 videretur·

238 921 334 969 aures
347 899 519 971 occlusisse
535 905 637 986 ceris,
653 901 746 1000 quast
759 902 920 997 scopulos
933 901 1084 974 Sirenios
1095 920 1205 973 trans·

238 1008 416 1107 gressuros.
435 1011 616 1107 Superatus
634 1029 748 1082 tamen
768 1011 923 1106 precibus
940 1010 1113 1083 destinatis
1125 1029 1208 1082 tarr·

176 1193 186 1217 N
240 1118 339 1208 dent,
355 1120 489 1192 nudatis
502 1119 668 1215 capitibus
680 1118 855 1192 infaustam
868 1117 1028 1192 bustuarii
1038 1117 1210 1194 libitinam

241 1229 386 1326 adusque
399 1229 589 1326 sepulcrum
607 1232 855 1304 incedentes&
870 1215 1033 1328 pedibus,
1043 1229 1210 1329 quosdam

242 1340 343 1410 etiam
357 1339 571 1436 complicatis
591 1339 765 1431 articulis,
779 1341 900 1436 praeire
917 1341 1103 1415 mandavit.
1115 1343 1212 1414 Hor·

141 1488 143 1496 v
242 1467 296 1520 ret
315 1473 408 1520 nunc
429 1447 619 1538 reminisci,
639 1474 710 1546 quo
727 1449 863 1544 justitio·
878 1450 1059 1523 humilitati
1077 1470 1132 1522 tot
1150 1475 1210 1522 re·
1300 1435 1309 1449 ⁶

242 1581 318 1628 rum
351 1558 462 1654 apices
492 1558 710 1648 visebantur,
732 1553 776 1635 di
798 1563 968 1657 praecipue
994 1561 1210 1650 consulatu,

244 1668 321 1766 poll
340 1668 508 1765 scipiones
531 1673 569 1744 δι
591 1671 722 1744 trabeas
744 1675 783 1745 δι
801 1671 964 1746 fastorum
984 1691 1210 1744 monumenta
1246 1731 1251 1736 .
1364 1700 1365 1709 2

244 1778 427 1852 mundana.
448 1781 538 1851 lnter
556 1805 643 1877 quos
662 1805 784 1859 omnes
801 1780 1026 1854 adolescentia
1041 1785 1081 1853 δι
1095 1779 1210 1852 virtu-

136 1967 141 1975 ,
244 1907 318 1961 tum
338 1891 593 1987 pulchritudine
607 1891 887 1965 commendabilis
904 1888 1019 1965 noller
1037 1890 1213 1987 Hypatius
1290 1981 1294 1984 ᾖ

164 2055 166 2060 .
211 2089 215 2098 ¹
246 2001 490 2096 praeminebat,
508 2000 565 2072 vir
587 1999 694 2096 quieti
716 1999 907 2095 placidique
930 1996 1082 2086 consilii,
1095 1997 1211 2067 ltone-

247 2107 364 2208 statem
385 2111 511 2182 leniunt
532 2133 666 2182 morum
689 2109 784 2180 velut
803 2108 845 2179 ad
865 2106 1145 2203 perpendiculum
1166 2105 1211 2176 li·r

248 2215 349 2295 Brans
363 2246 372 2290 :
387 2221 446 2314 qui
466 2222 505 2294 dc
523 2218 688 2314 majorum
710 2219 906 2291 claritudini
924 2217 1042 2316 gloriae
1063 2217 1149 2307 suit,
1170 2219 1211 2291 ὅτ

248 2327 318 2424 ipse
342 2328 569 2428 posteritatem
591 2328 752 2402 mirandis
775 2327 902 2401 adibus
923 2327 1129 2424 praefedurae
1152 2352 1211 2426 pce

248 2440 351 2513 rninae
380 2440 565 2515 decoravit.
600 2440 790 2514 Accesserat
814 2441 883 2511 hoc
917 2462 1057 2537 quoque
1087 2437 1211 2510 eodem

154 2555 161 2564 '
212 2608 216 2626 .
251 2565 405 2646 tempore
424 2551 465 2624 ad
485 2550 638 2624 Valentis
660 2571 786 2623 ceteras
805 2551 943 2622 laudes:
960 2549 1055 2646 quod
1075 2571 1154 2620 cum
1175 2548 1212 2620 in

252 2658 326 2730 aliis
347 2657 392 2730 ita
414 2657 548 2730 seviret
571 2656 711 2744 infeste,
736 2675 773 2727 ut
797 2676 974 2751 poenarum
998 2655 1212 2728 atrocitatem

252 2793 339 2863 aegre
361 2766 462 2838 serret
478 2765 568 2838 finiri
587 2793 663 2838 curn
683 2783 813 2854 morte,
831 2764 1080 2838 Pollentianum
1102 2765 1214 2836 tribu·

206 2929 209 2936 ·
253 2901 335 2947 num
363 2876 490 2948 malitia
515 2877 681 2974 quendam
703 2875 978 2972 exsuperantem,
999 2873 1115 2946 iisdem
1137 2873 1213 2946 die·

254 2986 319 3080 bus
343 2986 542 3058 convietum
562 2986 835 3082 consessumque,
852 2985 946 3081 quod
967 2982 1101 3056 exsecto
1120 2984 1213 3058 vivae

253 3093 404 3166 mulieris
426 3111 566 3183 ventre,
591 3115 693 3193 atque
714 3093 955 3191 intempestivo
973 3117 1078 3189 partu
1101 3111 1240 3180 erttra·x

255 3204 311 3272 {lo
322 3255 332 3289 ,
345 3199 486 3273 infernis
508 3201 662 3274 manibus
678 3202 804 3289 excitis
822 3202 864 3275 de
880 3203 1129 3298 permutatione
1148 3204 1215 3274 im·

255 3308 341 3406 perii
367 3309 543 3382 consulere
563 3310 659 3384 ausus
685 3312 757 3383 ell:
777 3310 1011 3384 familiaritatis
1035 3312 1216 3400 contuituj
1260 3395 1268 3400 ‚

176 3423 193 3474 -'
256 3419 377 3491 ordine
389 3410 485 3492 omni
498 3421 681 3508 mussante,
697 3422 787 3494 abire
802 3421 890 3517 jussit
905 3422 1043 3495 illaesum
1054 3422 1234 3512 ,salutern

255 3529 506 3604 &invidendas
526 3558 608 3630 opes
631 3539 668 3634 &
690 3534 820 3606 militiae
838 3533 956 3610 statum
974 3535 1141 3632 integrum
1163 3555 1217 3611 re·

230 3660 437 3718 stenturum.
475 3645 510 3716 O
539 3643 699 3741 praeclara
727 3642 926 3722 informatio
961 3644 1215 3739 dostrinarum,

463 3768 466 3777 .
877 3768 882 3779 ,
1059 3777 1068 3812 ⁸
1144 3768 1149 3776 ,
