2775 4284
168 215 173 225 “
259 242 328 342 ³28
401 239 1064 320 ,auulsasunncninrm

194 375 201 406 ‘
258 401 338 476 effet
356 399 453 474 verbi
468 401 574 498 gratia
587 395 724 474 honore
738 420 816 473 ante
830 399 906 474 suos
919 400 1088 476 excellens
1100 403 1139 479 δι
1160 427 1241 478 no·
1358 374 1359 423 ἶ

255 515 367 603 mine,
382 514 438 586 vel
450 514 508 588 ille
522 513 618 586 dives
629 566 641 603 ,
654 532 713 585 aut
723 506 807 586 alius
817 514 952 588 *ordinis
962 515 1102 611 primus.
1114 518 1232 588 Cum·

254 650 321 722 que
349 622 490 696 disceret
514 621 632 718 periffe
653 621 802 721 aliquem
825 623 967 720 laqueo,
993 621 1093 696 abiise
1117 623 1228 698 alium

254 753 346 808 trans
371 756 462 806 mare
476 787 488 821 ,
518 731 721 808 conscivisse
752 732 814 804 fibi
838 733 943 806 alium
970 751 1139 822 mortem,
1162 749 1229 806 aut

251 843 396 941 plumbo
415 839 487 914 vita
506 860 621 935 erepta
646 839 868 913 exstinctum:
887 839 1144 922 inimmen'sum
1158 867 1224 912 ex-

252 951 414 1039 canduit,
427 970 547 1024 urente
566 951 691 1024 irarum
706 950 912 1024 nutrimenta
928 969 1012 1026 tunc
1025 951 1222 1026 officiorum

251 1060 412 1158 magistro
424 1064 565 1147 Leone,
585 1084 650 1155 pro
666 1057 778 1132 nefas!
794 1058 867 1155 ipso
883 1083 1024 1157 quoque
1041 1058 1221 1156 praefectu-

250 1194 343 1258 ram,
354 1188 391 1241 ut
405 1195 423 1240 c
438 1169 575 1241 celsiore
591 1166 735 1263 scopulo
750 1167 1220 1264 cadere1,affeoame2quan

73 1275 78 1282 ’
172 1323 178 1331 ι
248 1278 433 1372 fiadeptus
454 1276 692 1371 rexiffer,prae
714 1275 785 1363 his,
808 1303 885 1374 quae
899 1293 971 1348 erat
985 1274 1145 1366 ausurus
1158 1277 1219 1347 ad-

160 1477 164 1488 ·
248 1386 572 1462 ministratioProbi
586 1386 778 1460 ferebatur
769 1413 807 1458 111
821 1387 960 1461 coelum.
979 1386 1113 1482 Agens
1104 1405 1219 1483 itaque

248 1479 339 1592 apud
368 1498 582 1573 Carnuntum
608 1501 817 1592 Imperator,
848 1522 911 1593 per
931 1497 1118 1568 continuos
1150 1517 1218 1574 tres

247 1608 376 1682 menses
397 1608 536 1683 aestivos
560 1630 653 1682 arma
680 1606 883 1702 parabat&
907 1605 1082 1696 alimenta,
1104 1605 1218 1703 fiqua

246 1716 320 1790 fors
347 1717 572 1806 secundaffet,
590 1715 799 1814 pervasurus
823 1739 1020 1813 opportune
1047 1715 1217 1807 Quados,

246 1826 411 1920 tumultus
431 1827 568 1900 atrocis·
581 1825 760 1896 audoresr
780 1821 817 1894 in
838 1848 910 1921 quo
934 1820 1067 1918 oppido
1091 1821 1219 1897 Fausti-

244 1960 331 2023 nus,
346 1933 434 2007 filius
453 1933 580 2006 sororis
606 1932 757 2004 Juventii
782 1930 930 2029 praefedi
948 1932 1130 2028 praetorio,
1142 1959 1214 2006 no·

244 2043 349 2116 tarius
369 2041 539 2134 militans,
559 2043 675 2114 Probo
694 2040 862 2138 spectante
879 2040 1079 2140 bogerium,
1101 2041 1214 2114 carui·

244 2149 318 2220 ficis
338 2175 440 2220 manu
458 2166 629 2244 peremtus
645 2148 692 2219 est
707 2150 785 2243 post
805 2167 977 2223 tormenta
989 2169 1157 2247 :uocatus
1174 2147 1213 2224 in

243 2257 505 2350 crimen,quod
525 2255 655 2328 afinurn
676 2257 836 2330 occidiffe
859 2260 1034 2332 dicebatur
1055 2261 1097 2332 ad
1116 2261 1211 2333 usum

242 2366 365 2462 attium
376 2364 607 2455 ‘secretarum
621 2385 661 2453 ut
679 2368 862 2442 afferebant
880 2369 1016 2468 quidam
1030 2395 1186 2470 urgentes
1199 2402 1212 2448 ε·

241 2496 280 2574 ut
294 2473 425 2573 [autem
448 2471 558 2568 ajebat
580 2474 658 2566 ille,
671 2477 713 2549 ad
734 2477 999 2552 imbecillitatem
1014 2478 1211 2554 firmandam

69 2659 71 2664 ,
164 2681 165 2685 ¹
240 2583 443 2682 fipentium]
459 2583 673 2678 capillorum.
699 2586 779 2657 Alio
792 2613 935 2684 quoque·
946 2590 982 2661 in
995 2615 1074 2662 eum
1091 2592 1209 2686 perui*

241 2693 331 2770 ciosc
347 2691 563 2788 composito,
576 2693 689 2816 quod,
703 2714 837 2790 petente
853 2722 912 2792 per
923 2697 1040 2790 jocum
1056 2699 1206 2794 quodam

152 2837 163 2854 .
240 2803 409 2900 Nigrino,
422 2819 474 2872 ut
479 2825 557 2875 eum
573 2801 744 2879 notarium
764 2803 911 2896 faceret,
931 2808 1134 2880 exclamavit
1144 2807 1207 2880 rlle

239 2908 415 2982 hominem
428 2905 564 2996 ridens,
579 2914 644 2981 Fac
660 2940 708 2982 mc
726 2916 942 3006 Imperatorem
952 2967 965 3005 ,
973 2917 1006 3013 fi
1014 2921 1054 2986 id
1070 2923 1208 2997 volueris
1289 2976 1293 2982 .

234 3001 409 3110 impetrare
429 3015 577 3112 Hocque
597 3015 780 3090 ludibrio
770 3020 888 3118 mique
909 3023 1150 3119 interpretato,
1152 3028 1205 3100 &

146 3143 153 3154 ‘
236 3124 411 3199 Faustinus
427 3123 526 3246 ipse,
548 3125 833 3224 &Nigrinus‚&
854 3131 912 3203 alii
932 3135 1008 3204 sunt
1024 3134 1202 3208 intersedi.

236 3230 435 3309 Praemiffo
426 3232 528 3330 agitur
550 3233 759 3308 Merobaude
783 3263 860 3312 cum
886 3241 1023 3314 militari
1048 3244 1204 3340 peditum

193 3393 200 3398 -
235 3369 373 3458 manu,
377 3367 490 3440 quam
488 3343 655 3441 regebat,
675 3347 717 3418 ad
734 3346 914 3422 vastandos
935 3352 1202 3450 cremandosque

237 3438 436 3529 barbaricos
449 3479 576 3552 pagos,
592 3455 719 3530 comite
732 3454 890 3550 adjuncto
904 3460 1117 3585 Sebastiano,
1129 3466 1200 3536 Va-

233 3563 450 3640 lentinia'nus
453 3565 619 3638 Acincum
635 3589 779 3660 propere
792 3568 893 3641 castra
909 3571 1122 3657 commovit.
1135 3597 1199 3644 na·

235 3673 434 3776 vagusque
413 3675 455 3750 ad
465 3691 677 3773 repentinum
689 3675 799 3753 casum
811 3677 1202 3781 conjuncits‚&couta
