2775 4284
331 282 786 400 annuucnsr'nuuu
805 305 884 380 tn.
910 306 1060 383 xxva.
1092 254 1177 411 '1352
1261 256 1275 282 ⁸

212 462 321 537 colles
340 465 510 537 mensibus
524 462 675 563 quinque
696 462 926 539 delitescentes
941 470 1053 569 ,tegis
1066 468 1186 545 multi.
1238 501 1245 507 -

215 572 343 645 sormes
360 572 466 646 lusere
480 591 634 647 conatus.
647 571 724 666 *Qui
736 598 877 669 operam
889 574 953 647 teri
964 578 1085 654 stullta
1098 605 1185 671 con·

211 682 400 779 templana,
419 681 525 755 sidere
540 681 704 780 flagrante
723 684 890 777 brumali,
910 682 1089 780 pomiferis
1101 698 1186 762 eitu-

150 800 156 817 '
213 793 273 866 stis
294 792 500 882 arboribus,
516 792 726 892 castellisque
748 794 889 868 munitis
909 798 947 871 δι
960 796 1091 887 castris,
1105 805 1186 897 qua.

214 922 351 1001 ceperat
374 902 526 1000 superata
547 904 605 981 vel
625 904 785 1001 prodita,
809 930 888 1000 cum
909 904 1007 977 omni
1031 908 1186 1003 pondere

214 1012 442 1088 multitudinis
462 1005 710 1113 Artogerassam
741 1014 1020 1113 circumseptam,
1046 1019 1087 1093 δι’
1109 1018 1188 1115 post

213 1126 331 1197 varios
352 1127 573 1197 certaminum
596 1124 690 1200 casus
713 1126 837 1199 lassatis
860 1108 1098 1203 defensoribus
1123 1149 1187 1229 pa·-
1286 1145 1297 1160 “

214 1237 369 1311 tefauam
382 1236 553 1311 incendit:
568 1236 700 1310 Arsacis
714 1235 859 1309 uxorem
874 1258 1003 1310 erutam
1015 1239 1094 1313 inde
1108 1238 1189 1317 cun't

215 1345 376 1421 thesauris
400 1346 548 1422 abduxit.
570 1348 665 1439 Quas
686 1345 736 1416 ob
753 1345 867 1419 causas
884 1338 932 1417 ad'
950 1372 1005 1420 eas
1023 1350 1188 1448 regiones

198 1457 410 1532 ·Arintbaeus
434 1483 511 1533 cum
534 1457 687 1530 exercitu
701 1456 847 1528 mittitur
867 1481 1001 1542 comes,
1015 1455 1188 1557 suppetias

214 1566 342 1639 laturus
364 1566 556 1651 Armeniis,
571 1567 594 1637 st
610 1590 670 1639 eos
685 1566 854 1665 exagitare
877 1556 1188 1669 procindugemi'·
1260 1634 1263 1639 .

215 1700 265 1746 no
280 1678 488 1752 tentaverint
511 1674 626 1750 Persae.
646 1678 739 1748 luter
760 1700 837 1773 quae
857 1676 968 1785 Sapor
983 1670 1187 1755 immensum

217 1809 383 1887 quantum
399 1790 547 1876 allatus,
565 1790 622 1875 δι,
636 1810 715 1857 cum
726 1784 789 1857 stbi
804 1788 1034 1878 conduceret,
1045 1774 1187 1874 humilis

216 1917 276 1971 aut
292 1890 427 1988 elatus,
448 1895 617 1970 societatis
640 1892 764 1966 suturae
785 1892 895 1989 specie
922 1897 1039 1969 Parant
1065 1916 1105 1970 ut
1130 1899 1188 1969 in-

113 2006 116 2010 ’
217 2006 387 2081 curiosum
403 2006 453 2078 sui
472 2030 532 2102 pet
547 2005 689 2078 latentes
704 2002 844 2084 nuntios
851 2003 1075 2099 increpabat,
1091 2007 1188 2102 quod

215 2115 395 2209 majestatis
415 2116 517 2214 regiae
538 2112 732 2186 velamento
749 2112 873 2212 Cylaci
895 2111 1036 2186 serviret
1059 2113 1097 2188 δι
1122 2119 1190 2189 Ar·

216 2226 375 2298 tabanni:
397 2248 486 2323 quos
508 2222 565 2296 ille
581 2239 732 2319 praeceps
756 2220 997 2295 blanditiarum
1019 2221 1209 2298 illecebris

218 2336 408 2429 interfecit,
433 2336 611 2435 capitaque
634 2332 799 2408 caesorum
827 2334 869 2407 ad
886 2336 1071 2429 Saporem,
1091 2358 1130 2411 ut
1154 2338 1189 2413 ei
1250 2354 1252 2363 '

218 2448 431 2545 morigerus,
448 2446 544 2518 misit.
569 2446 641 2515 Hac
662 2442 756 2517 clade
778 2443 844 2520 late
866 2442 1190 2551 diffusa,Arme'nia
1381 2535 1382 2546 2

218 2556 334 2629 omnis
355 2554 488 2652 perillet
510 2554 793 2649 impropugnata,
808 2551 844 2624 ni
858 2554 1023 2625 Arintbaei
1037 2558 1190 2630 adventu
1255 2647 1259 2653 .
1381 2577 1382 2626 ξ

215 2665 328 2739 territi
342 2664 447 2737 Petsae
465 2688 539 2736 eam
563 2660 732 2734 incursare
751 2660 865 2732 denuo
882 2659 1102 2735 distulissent:
1119 2665 1191 2740 hoc
1381 2659 1382 2672 ¹

219 2774 297 2848 solo
317 2771 473 2848 contenti
488 2826 500 2861 ,
518 2771 613 2868 quod
635 2770 680 2841 ad
701 2771 942 2865 Imperatorem
961 2767 1079 2843 misere
1098 2771 1191 2869 lega·

219 2902 300 2977 tos,
318 2902 488 2983 petentes,
512 2880 685 2953 nationem
703 2878 866 2970 eandem,
883 2895 922 2951 ut
941 2876 1055 2953 fibi&
1071 2882 1189 2955 Jovia-

221 3018 268 3067 no
283 2992 468 3090 placuerat,
487 3012 558 3060 non
574 2985 721 3062 desendi.
738 2986 874 3080 Quibus
887 2985 1088 3082 repudiatis,
1102 2990 1190 3063 Sau-

149 3086 153 3097 “
219 3126 374 3177 rotnaces
393 3099 522 3197 pulsus,
541 3115 578 3169 ut
596 3116 674 3170 ante
694 3097 860 3185 diximus,
881 3094 1032 3168 Hiberiae
1056 3124 1189 3195 tegno,
1334 3188 1337 3199 Ι

220 3236 298 3284 cum
317 3209 496 3285 duodecim
519 3208 709 3307 legionibus
731 3210 770 3282 δι
791 3205 958 3280 Terentio
980 3207 1189 3286 remittitur-r
1270 3243 1274 3249 ·
1380 3267 1381 3278 ,

221 3321 260 3396 &
281 3344 360 3404 eum
384 3318 475 3393 amni
493 3319 593 3417 Cyro
614 3316 679 3412 jam
699 3318 896 3414 proximum
913 3315 1097 3411 Aspacures
1110 3345 1189 3395 ora·
1213 3333 1217 3339 “
1380 3413 1381 3422 ¹

222 3429 300 3518 vit,
322 3448 359 3501 ut
375 3428 467 3503 socia
484 3428 647 3525 potestate
668 3426 869 3501 consobrini
889 3444 1067 3523 regnarent
1082 3451 1091 3500 a
1107 3454 1189 3501 cau·
1216 3456 1219 3461 ·
1285 3429 1288 3433 ’

221 3538 324 3628 satus,
333 3538 413 3611 ideo
425 3538 458 3611 se
472 3563 536 3613 nec
549 3539 680 3629 cedere,
691 3564 755 3611 nec
767 3537 809 3609 ad
821 3552 931 3634 partes
944 3536 1038 3633 posse
1047 3540 1188 3629 transire
1207 3573 1209 3578 ,

111 3733 114 3743 Ι
222 3647 416 3733 Romanas',
433 3648 527 3746 quod
549 3647 649 3721 Ultra
667 3647 738 3744 ejus
757 3646 847 3720 silius
865 3645 991 3718 obsidis
1005 3648 1077 3745 lege
1092 3642 1188 3721 tehe-

221 3759 321 3835 batut
341 3757 451 3834 adhuc
475 3758 564 3856 apud
580 3756 704 3843 Persas.
726 3758 817 3852 Quae
836 3755 1024 3937 impepatot
1043 3757 1187 3898 dusius,

910 3921 914 3941 .
974 3890 994 3939 2
