2775 4284
59 220 87 307 ‘l

223 218 290 273 120
365 196 1037 295 nuutnulttnucetttut

218 356 365 453 densque
379 355 421 429 ad
434 356 637 429 Lundinium
651 374 750 441 vetus
765 354 948 452 oppidum,
961 354 1056 451 quod
1068 353 1183 454 Au'gnd
1205 401 1209 404 -

218 465 298 537 slam
321 466 496 561 posterltas
516 464 722 561 appellavit,
737 462 853 564 divisis
874 462 1082 558 plurifariam
1103 464 1182 560 glo-

217 574 293 662 bis,
313 566 452 647 adortus
476 574 521 647 ell
545 575 707 671 va'gantes
723 574 871 648 bostium
892 573 1087 647 vastatorias
1107 598 1183 646 ma·

220 708 285 755 nus
295 738 305 771 ,
315 708 436 781 graves
450 709 555 758 onere
566 684 768 762 sarcinarum
783 711 792 757 ι
807 688 1004 782 &propere
1016 682 1109 774 susis,
1122 682 1184 781 qui
1275 761 1277 765 ,

218 794 355 868 vindos
367 795 523 869 homines
535 798 676 895 agebant
691 798 730 870 δι
741 821 886 893 pecora,
904 797 1050 891 praedam
1064 793 1197 872 orcus-¹

217 902 282 993 stt,
296 928 396 1000 quam
417 905 584 980 tributarii
605 907 779 1005 perdidere
798 901 994 981 miserrimi:
1006 907 1068 980 His
1089 905 1186 979 deni-¹

141 1034 150 1055 ι
202 1038 284 1109 ,ιιιιε
304 1013 462 1087 restrtuta
459 1036 720 1113 omn1,praeter
732 1034 861 1111 partem
881 1016 1036 1114 exiguam
1051 1014 1186 1112 impen·
1220 1089 1225 1098 ,
1265 1037 1269 1046 ’
1368 1071 1369 1078 1

126 1156 133 1229 2
217 1120 287 1193 sam
299 1122 461 1197 militibus
474 1124 577 1212 sellie,
592 1122 732 1219 mersam
746 1123 997 1197 difficultatibus
1012 1124 1076 1196 suis
1088 1140 1188 1196 ante·

142 1280 151 1295 ,
215 1203 327 1302 hac
299 1231 492 1323 ciuitatem,
504 1231 560 1305 sed
575 1232 698 1319 subito,
711 1258 813 1329 quam
829 1229 913 1305 salus
927 1232 1050 1328 sperari
1058 1248 1187 1328 potuit,

219 1364 421 1435 recreatam,
446 1342 482 1417 in
503 1342 642 1417 ovantis
668 1342 814 1440 speciem
839 1342 1049 1420 laetiffimus
1041 1338 1191 1415 introiit.

218 1454 289 1527 Ubi
313 1454 355 1524 ad
378 1455 529 1527 audenda
549 1453 680 1548 majora
704 1452 871 1552 prospero
891 1451 1039 1526 successu
1058 1450 1188 1538 elatus,

134 1658 136 1661 r
219 1582 361 1661 tutaque
376 1562 556 1637 scrutando
574 1564 732 1655 consilia,
748 1562 854 1635 futuri
867 1563 1062 1635 morabatur
1077 1559 1189 1638 ambi·

141 1692 144 1699 '
219 1698 323 1795 guus,
348 1672 499 1777 diffusam
519 1674 689 1747 variarum
714 1673 864 1772 gentium
882 1672 1017 1768 plebem
1036 1673 1074 1745 δι
1093 1668 1189 1743 sero·

220 1782 367 1855 cientem
387 1772 598 1871 immaniter,
617 1807 690 1853 non
706 1782 767 1855 nisr
786 1807 847 1879 per
865 1779 967 1853 dolos
980 1777 1190 1885 occultiores

163 1964 173 1991 ,¹
221 1893 260 1965 δι
276 1891 484 2015 improvisos
500 1837 660 1967 excuisus
681 1890 830 1989 superari
845 1890 957 1988 polle,
969 1886 1189 1985 captivorum

220 1987 491 2075 confessionibus
509 2000 805 2099 &transfugarum
823 1997 955 2071 indiciis
969 1998 1099 2069 doetus.
1112 1996 1189 2068 De
1247 2005 1251 2019 “

220 2112 327 2206 nique
349 2111 465 2183 edistis
491 2111 702 2207 propositis,
720 2110 989 2208 impunitateque
1005 2106 1189 2203 promissa,

223 2217 409 2291 desertores
430 2220 472 2296 ad
490 2218 703 2315 procinslum
725 2217 893 2303 vocabat,
907 2218 945 2289 δι
960 2216 1087 2309 multos
1102 2214 1189 2291 alios

216 2334 285 2425 ¹per
298 2328 427 2425 diversa
438 2330 546 2401 libero
561 2346 754 2401 commeatu
765 2328 941 2425 dispersos.
956 2328 1039 2420 Quo
1054 2326 1191 2407 monitu
1210 2358 1218 2371 ·

223 2450 262 2513 ut
275 2439 403 2513 rediere
416 2442 590 2543 plerique,
604 2441 782 2536 incentivo
798 2441 964 2538 percitus,
977 2438 1190 2536 retentusque

103 2594 112 2607 ν
222 2549 332 2625 anxiis
357 2553 465 2640 curie,
484 2550 631 2623 Civilem
658 2551 799 2624 nomine
819 2551 985 2656 retlurum
1000 2548 1190 2627 Britannias
1254 2622 1260 2631 „
1368 2525 1369 2566 ³

101 2703 105 2711 ·
157 2701 158 2709 ι
223 2664 290 2762 pro
304 2660 477 2760 praefectis
492 2662 533 2733 ad
549 2661 581 2733 se
602 2662 805 2758 poposcerat
823 2659 934 2749 mitti,
950 2658 1062 2735 virum
1078 2659 1192 2733 acrio·

149 2800 167 2863 ἢ
222 2776 268 2848 ris
291 2772 442 2872 ingenii,
467 2772 521 2845 sed
543 2770 620 2868 julli
644 2791 796 2847 tenacem
821 2776 864 2878 &y
881 2772 981 2845 redi:
1004 2772 1191 2870 itidemque

158 2938 164 2946 ,
223 2884 439 2970 Dulcitium‚
454 2883 574 2957 ducem
591 2882 729 2984 scientia
742 2882 792 2956 rei
804 2880 956 2958 militaris
968 2884 1146 2984 insignem.v

274 2997 335 3068 lX.
355 2995 438 3069 llaec
453 2994 489 3067 in
512 2995 692 3067 Britanniis
715 2996 905 3093 agebantur.
930 2997 1088 3070 Africam
1102 2987 1191 3076 veto

173 3178 176 3207 ‚
223 3107 291 3207 jam
306 3106 384 3178 inde
398 3107 440 3179 ab
463 3106 607 3209 exordio
627 3106 857 3181 Valentiniani
870 3105 1004 3203 imperii
1026 3108 1190 3182 exurebat
1300 3166 1309 3173 .

158 3293 162 3297 ,
215 3217 397 3291 ‘barbarica
412 3217 538 3306 rabies,
560 3242 620 3312 per
640 3216 820 3312 procursus
835 3217 1100 3291 audentiores&
1115 3242 1192 3291 cre·

224 3326 295 3401 bris
309 3328 457 3401 caedibus
476 3329 514 3400 bc
529 3326 654 3422 rapinis
669 3326 808 3417 intenta.
823 3329 936 3422 Quam
954 3338 1025 3398 rem
1037 3324 1192 3400 militaris

222 3432 369 3534 ,erigebat
393 3432 563 3525 secordia,
589 3436 763 3508 &aliena
793 3436 980 3509 invadendi
1006 3435 1191 3533 cupiditas,

146 3589 149 3597 ,
226 3548 440 3643 maximeque
460 3546 608 3619 Romani
626 3546 765 3618 nomine
785 3545 931 3623 comitis.
955 3547 1028 3639 Qui
1053 3547 1191 3620 venturi
1245 3639 1248 3644 r
1364 3564 1368 3629 ζ

138 3692 144 3701 ’
226 3645 417 3761 providus,
430 3654 734 3761 transferendaeque
748 3656 783 3735 in
797 3657 1039 3740 aliosinvidiae
1052 3656 1194 3752 artifex,
