2775 4284
175 17 178 24 ,
253 75 257 80 f
311 4 351 80 ,p
413 19 416 24 .

499 85 503 92 .
600 235 604 242 Ι
699 156 727 203 N
813 196 816 212 Ι
1106 152 1110 159 Ἰ

321 254 488 348 uertunt
514 253 775 330 onsrnuuu·
796 255 876 327 tut
900 254 1019 328 xxv.
1085 279 1146 366 ,4³

152 427 155 430 ’
187 430 236 488 tes
245 413 332 488 inter
345 417 419 489 haec
432 439 563 505 omnes,
576 414 635 513 qui
648 417 800 504 aderant,
811 414 1009 516 auderitate
1021 415 1151 514 integra
1209 433 1215 445 ‘

187 525 286 598 etiam
306 545 376 600 tum
397 528 591 624 increpabat
607 555 616 600 ε
630 525 761 614 humile
771 527 856 618 elle,
873 529 968 601 coelo
979 528 1153 600 lideribus-

184 660 255 732 que
273 637 493 711 conciliatum
515 637 625 736 lugeri
649 637 843 735 Principem
863 638 989 712 dicens.
1017 639 1153 731 Quibus

186 742 266 817 ideo
291 743 358 840 jam
381 745 569 836 utentibus,
591 747 660 844 ipse
688 745 948 820 cum'lvlaximo
975 748 1157 822 &Prisco
1268 841 1275 847 .

187 850 400 948 philosophis
415 854 511 951 super
530 854 721 928 animorum
741 855 939 931 sublimitate
959 855 1154 954 perplexius

188 960 381 1057 disputans,
404 962 524 1038 hiante¹
539 964 636 1038 latius
658 963 783 1036 suffolli
805 963 1101 1058 laterispvulnere3
1114 965 1155 1037 &

130 1111 134 1122 ·
182 1070 341 1167 ‚spiritum
360 1092 494 1146 tumore
509 1075 692 1175 cohibente
713 1099 898 1165 venarum,
921 1093 1023 1170 epota
1046 1074 1155 1171 gelida

188 1204 290 1276 aqua,
304 1207 405 1280 quant
418 1181 528 1279 petiit,
536 1184 652 1257 medio
667 1182 774 1256 nodis
784 1183 930 1256 horrore
941 1181 1155 1258 vitafacilius

188 1289 235 1364 est
247 1290 439 1392 alpsolutus,
451 1317 545 1366 anno
559 1294 665 1366 aetatis
677 1293 786 1366 altero
799 1292 1017 1366 &tricesimo
1033 1291 1156 1363 r'natus

187 1400 278 1496 apud
293 1401 693 1499 Constantinopolimta
715 1402 859 1498 pueritia
878 1401 986 1498 usque
1008 1399 1157 1497 parentis
1255 1412 1262 1436 ¹

188 1508 288 1582 obitu
305 1511 480 1586 destitutus
496 1513 688 1610 Constantii
702 1566 713 1600 ‚
726 1538 829 1610 quem
844 1512 919 1608 poll
936 1511 1044 1584 fratris
1056 1513 1158 1583 Con·

172 1620 327 1694 llantini
348 1623 516 1698 excessum
535 1622 624 1698 inter
640 1623 836 1718 complures
854 1623 941 1696 alios
954 1622 1051 1694 turba
1072 1614 1168 1692 conl
1278 1717 1283 1734 ι

191 1731 303 1804 lumstt
323 1733 456 1830 imperii
474 1734 930 1827 succefforum,&Bas1lina
948 1753 1071 1825 matre,
1088 1731 1157 1828 jam

82 1931 84 1936 Ι
192 1839 509 1937 indeamajoribus
529 1848 651 1921 nobili.
699 1915 704 1924 .

240 1953 299 2022 IV.
321 1951 384 2021 Vir
404 1950 558 2046 profedlo
577 1951 726 2026 heroicis
744 1948 1042 2026 connumerandus
1061 1949 1164 2045 inge··

92 2131 94 2159 Ι
191 2058 277 2142 niis,
296 2059 497 2134 claritudine
510 2087 619 2136 rerum
635 2067 673 2138 δι
692 2063 816 2136 coalita
839 2059 1007 2155 'majestate
1020 2056 1159 2153 conspi-

192 2196 288 2244 cuus.
311 2172 399 2243 Cum
412 2171 504 2244 enim
519 2161 652 2261 Εητζυῐ
666 2171 831 2270 sapientes
848 2169 1032 2257 definiunt,
1047 2166 1160 2240 virtu·

37 2285 44 2289 ’
145 2296 403 2377 ,tesquaruor
421 2278 1088 2378 praecipuae,temperantia‚prudentia,
1106 2274 1162 2371 'pu-
1233 2378 1235 2383 ,
1329 2304 1333 2314 ’

193 2391 298 2482 ttitia,
312 2390 501 2482 fortitudo,
516 2393 628 2492 eisque
641 2388 1053 2479 accidentes'extrinsecus
1066 2388 1160 2479 alia,

194 2503 332 2577 scientia
348 2503 397 2576 tei
410 2503 580 2592 militaris,
597 2504 796 2591 audoritas,
810 2501 952 2574 felicitas
964 2520 1064 2596 arque
1077 2497 1162 2569 libe·

196 2614 324 2687 ralitas:
344 2614 478 2688 intento
493 2613 604 2688 studio
622 2613 732 2686 coluit
743 2628 882 2699 ornnes,
898 2628 937 2682 ut
952 2608 1105 2706 singulas.
1118 2610 1163 2676 Et

194 2726 340 2825 primurn
356 2727 402 2800 ita
418 2727 586 2800 inviolata
601 2727 749 2800 castitate
763 2724 909 2810 enituit,
920 2742 959 2794 ut
975 2721 1051 2818 post
1066 2717 1164 2792 amis·
1186 2769 1191 2779 ·

192 2837 261 2918 sant
288 2834 469 2935 conjugem
495 2835 580 2909 nihil
609 2862 756 2933 unquam
783 2851 969 2922 venereum
993 2831 1167 2929 agitarerr‘

195 2947 279 3022 illud
299 2949 499 3039 advertens,
514 2948 609 3046 quod
632 2948 722 3046 apud
738 2946 914 3018 Platonem
934 2942 1075 3042 legitur,
1095 2941 1163 3012 So·

197 3055 357 3153 phoclem
384 3055 625 3153 tragoediarum
654 3053 853 3151 scriptorem
881 3070 978 3124 aetate
1005 3048 1162 3149 grandae·
1208 3092 1210 3096 -
1263 3144 1266 3157 Ι

198 3192 282 3240 vum
305 3158 567 3264 interrogatum,
582 3167 706 3262 ecquid
727 3164 989 3263 adhtrcleminis
1006 3160 1164 3234 miscere·

198 3295 270 3366 tur,
290 3296 466 3374 negantem
490 3277 526 3349 id
541 3273 716 3371 adjecisse,
737 3264 833 3375 qnod
846 3275 1025 3372 gauderet,
1030 3272 1160 3342 harum

198 3400 309 3458 rerum
327 3412 498 3477 amorem,
517 3403 554 3458 ut
568 3384 738 3458 rabiosum
755 3385 925 3481 quendam
940 3380 1101 3510 effugille
1099 3380 1163 3450 do·

199 3495 330 3570 minum
349 3499 386 3569 &
408 3497 588 3570 crudelem.
606 3499 688 3567 ltem
703 3514 741 3567 ut
756 3496 826 3566 hoc
826 3492 1051 3601 propositum
1074 3462 1164 3560 vali·

198 3608 272 3680 dius
288 3603 523 3699 confirmaret,
536 3597 708 3680 recoleliat
722 3605 808 3702 saepe
826 3582 951 3678 dictum
966 3601 1068 3700 lyrici
1080 3601 1163 3670 Bac·
1208 3616 1212 3623 “

198 3718 374 3818 chylidis,
398 3743 500 3828 quent
529 3717 675 3816 legebat
692 3716 861 3833 jucunde,
884 3715 920 3788 id
943 3715 1162 3798 afferentem,

1292 276 1303 314 Ι
