2775 4284
249 263 328 336 ¹254
399 232 657 308 tuntum
695 223 1076 311 unncnttrnr

254 403 295 474 δι
315 394 457 470 discidio
474 394 623 492 quodam
638 389 773 478 fabrili,
794 411 887 462 mare
900 386 962 460 sub
982 384 1055 456 imo
1071 377 1236 456 Athonis

254 509 343 608 pede
361 505 537 606 quaefitum
562 519 759 598 exponunt,
774 501 814 574 δι
834 496 1007 570 turmatim
1029 493 1120 589 apud
1135 492 1235 563 Do-

255 617 381 690 riscum
417 613 586 688 exercitus
617 609 827 692 recenfitos,
852 603 1088 686 concordante
1121 596 1232 671 omni

255 723 473 820 posteritate,
488 745 527 794 ιιι
544 717 706 793 fabulo&
727 716 806 788 sunt
817 716 923 819 leda.
936 715 1027 786 Nam
1041 707 1230 806 postquam

255 833 443 906 innumere
455 832 605 929 gentium
622 827 853 900 multitudines
870 850 931 920 per
941 819 1141 918 provincias
1154 815 1232 888 cit·-

256 939 444 1032 cumfuse,
457 939 706 1038 pandentesque
726 936 760 1010 se
777 937 814 1008 in
829 935 933 1030 spatia
952 932 1062 1028 ampla
1080 951 1229 1023 campo-

257 1076 363 1139 rum,
387 1050 543 1147 regiones
564 1072 685 1122 omnes
704 1050 744 1120 bt
764 1048 885 1118 cuncta
911 1044 1097 1140 opplevere
1119 1061 1231 1112 mon·

256 1160 346 1231 tium
371 1156 469 1256 juga,
491 1156 574 1230 fides
597 1181 739 1254 quoque
761 1153 936 1227 vetustatis
958 1150 1087 1224 recenti
1111 1147 1231 1219 docu-

257 1285 378 1340 mento
402 1265 533 1338 firmata
554 1265 612 1338 est.
635 1268 678 1336 Et
698 1263 827 1360 primus
849 1289 929 1336 cum
942 1258 1097 1336 Alavivo
1118 1253 1231 1328 susci·

258 1377 353 1473 pitur
375 1374 604 1472 Fritigernus,
618 1376 742 1472 quibus
760 1377 800 1451 δι
813 1375 973 1446 alimenta
985 1393 1051 1468 pro
1068 1387 1230 1463 tempore

259 1489 300 1562 δι
321 1487 524 1584 subigendos
541 1513 641 1586 agros
660 1488 765 1560 tribui
782 1487 942 1560 statuerat
954 1491 1152 1580 Imperator.
1163 1481 1232 1550 Per

136 1650 143 1662 -
259 1597 298 1670 id
317 1613 449 1692 tempus
462 1595 568 1668 nostri
586 1595 702 1668 limitis
719 1595 871 1668 reseratis
881 1594 1060 1680 obicibus,
1072 1611 1175 1686 atque
1187 1604 1232 1658 ut

260 1707 407 1780 AEtnaeas
419 1705 549 1780 favillas
568 1725 776 1778 amatorum
789 1705 922 1802 agmina
931 1702 1140 1776 diffundente
1150 1697 1232 1769 bar·

261 1817 380 1902 baria;
403 1842 484 1890 cum
506 1817 661 1891 difficiles
686 1817 917 1890 neceffitatunt
943 1812 1079 1889 articuli
1104 1833 1229 1884 corre·

262 1928 372 2000 nores
396 1927 446 1999 r'ei
475 1927 631 2000 militaris
659 1927 840 2023 poscerent
864 1925 999 2024 aliquos
1028 1919 1231 1998 claritudine

194 2121 200 2154 ἡ
261 2036 426 2134 gestarum
443 2061 556 2109 rerum
569 2036 782 2110 notiffintos:
794 2036 889 2134 quali
899 2036 991 2110 levo
1001 2033 1150 2132 quodam
1166 2055 1232 2100 nu·

227 2163 239 2190 ⁸
262 2147 356 2219 mine
377 2145 569 2242 deligente,
584 2147 621 2218 in
638 2173 746 2221 unum
760 2147 892 2244 quaestti
909 2145 1129 2244 potestatibus
1144 2166 1232 2238 prn-

264 2255 359 2326 fuere
378 2254 595 2326 castrenfibus
609 2256 768 2328 homines
785 2255 943 2329 maculoti
958 2283 969 2328 c
987 2255 1110 2351 quibus
1125 2249 1231 2344 Lupi-

128 2411 138 2420 ·
265 2361 363 2434 cinus
388 2359 566 2432 antistabat
592 2365 632 2436 δι
661 2363 859 2454 Maximus,
879 2363 965 2438 alter
989 2389 1050 2461 per
1067 2358 1244 2436 Thracias'

265 2473 416 2559 Comes,
433 2470 503 2542 dux
521 2469 606 2542 alter
617 2472 807 2562 exitiosus,
824 2474 928 2548 ambo
948 2473 1078 2546 aemulae
1095 2467 1233 2542 temeri·

265 2581 364 2654 tatis:
383 2605 532 2678 quotum
547 2580 736 2656 infidiatrix
749 2584 896 2658 aviditas
906 2582 1047 2656 materia
1061 2579 1231 2654 malorum

267 2689 423 2762 omnium
446 2685 521 2760 fuit.
539 2689 627 2762 Nam
651 2689 717 2785 (ut
738 2690 806 2762 alia
823 2691 1046 2779 omittamus,
1063 2714 1140 2786 qua
1158 2711 1231 2759 me·

267 2796 410 2881 morati,
429 2796 487 2872 vel
506 2818 596 2872 certe
610 2799 793 2872 finentibus
806 2800 923 2874 iisdem
941 2800 999 2872 alii
1019 2797 1159 2895 perditis
1175 2819 1232 2867 ra·

268 2905 423 2980 tionibus
437 2906 471 2978 in
489 2929 719 2984 commeantes
734 2911 931 3008 peregrinos
944 2910 1055 2982 adbuc
1067 2904 1232 2980 innoxios

270 3016 514 3116 deliquerunt)
529 3019 612 3092 illud
628 3021 761 3094 dicetur
777 3018 900 3118 (quod
919 3045 982 3093 nec
1001 3018 1094 3115 apud
1106 3016 1155 3088 sui
1170 3039 1232 3111 pe·

267 3125 371 3202 ciculi
390 3123 518 3222 judices
539 3127 717 3204 absolvere
738 3131 807 3202 ulla
832 3148 965 3225 poterat
985 3130 1116 3221 venia)
1142 3123 1233 3198 triste

270 3241 310 3311 δι
333 3236 531 3312 inauditum.
550 3243 638 3314 Cum
659 3242 801 3314 traducti
824 3243 958 3316 barbari
981 3242 1090 3316 vietus
1112 3237 1235 3332 inopia

271 3365 499 3436 vexarentur,
520 3367 620 3444 turpe
649 3350 893 3424 commercium
919 3350 1023 3424 duces
1047 3343 1233 3420 invififfimi
1358 3406 1359 3415 ,

269 3455 488 3553 cogitarunt:
506 3458 544 3530 dt
567 3478 715 3554 quantos.
738 3461 887 3558 undique
904 3457 1134 3534 insatiabilitas
1157 3451 1236 3525 col·
1358 3426 1359 3513 Ῐ

269 3563 375 3662 ligere
396 3565 511 3659 potuit
530 3591 652 3654 canes,
674 3591 738 3662 pro
759 3567 895 3663 singulis
917 3567 1085 3639 dederunt
1104 3558 1233 3635 manci·
1358 3558 1359 3599 ³

267 3675 362 3772 piis,
381 3674 469 3748 inter
497 3699 573 3773 qun
599 3671 668 3772 [dc
693 3673 887 3786 lilii1dutli
916 3675 994 3752 sunt
1018 3672 1234 3774 optimatum.
