2775 4284
227 193 233 238 l

304 325 474 398 annun
498 311 861 396 oasrnnuuun
887 260 1021 396 xxiv.
1108 345 1154 421 19
1265 284 1267 291 ’

183 473 279 564 scrisse
292 488 395 564 casira
407 489 625 562 Lucanorum
641 484 820 561 invadenti
833 485 992 560 Luscino.
1005 487 1154 589 Hocque

181 599 262 675 ideo
280 601 458 678 creditum¹
470 597 540 686 est,
558 600 653 696 quod
667 597 705 672 in
718 598 898 697 congressu
914 596 1065 697 flagranti
1080 603 1153 678 sca·

181 711 231 784 las
254 712 384 784 vehens
410 709 502 784 visus
528 707 760 782 'formidandae
791 709 955 784 vastitatis
981 732 1155 806 armatus,

181 821 345 918 postridie
379 846 458 893 curn
494 817 726 893 recenseretur
750 819 942 912 exercitus,
977 821 1155 919 praecipuo

182 931 293 1004 sludio
310 931 467 1030 quaesrtus
478 933 496 1023 ,’
506 929 650 1034 reperiri
670 953 744 1002 non
763 928 894 1027 potuit:
915 955 992 1004 cum
1011 929 1045 1004 se
1062 932 1156 1006 ultro
1173 929 1175 934 ’

182 1033 340 1132 offerret'‚
365 1041 390 1114 st
415 1043 512 1116 miles
530 1041 666 1133 suisset,
684 1039 914 1114 memorabilis
928 1041 1086 1120 conscius
1101 1044 1156 1119 fa·

86 1192 101 1214 ·.
181 1151 237 1225 ui.
252 1151 316 1224 Sed
329 1169 366 1226 ut
379 1175 461 1226 tunc
472 1206 483 1244 ,
495 1152 654 1250 quiretset
675 1150 816 1248 pulchri
832 1150 996 1224 facinoris
1013 1155 1154 1248 aussor,

107 1355 108 1362 ἵ
178 1260 316 1358 penints
338 1259 385 1334 est
406 1261 601 1360 ignoratum
617 1313 628 1350 ,
653 1260 701 1332 ita
715 1286 807 1332 nunc
821 1260 1018 1334 enituerunt
1033 1262 1076 1347 ii,
1092 1265 1155 1362 qui

179 1369 293 1445 secere
305 1371 483 1445 sortiffime
496 1425 509 1462 ,
524 1370 793 1444 obsrdionalibus
805 1370 946 1444 coronis
962 1370 1101 1460 donati,
1114 1377 1154 1448 δι

157 1474 167 1508 ·”
179 1506 245 1578 pro
269 1482 443 1555 concione
465 1479 591 1554 laudati
616 1495 773 1553 veterum
788 1502 897 1554 more.
914 1473 1071 1554 Tandem
1091 1507 1154 1559 nu·

179 1592 257 1664 data
272 1589 421 1664 reseratis
441 1590 588 1666 aditibus
610 1589 748 1678 multis,
769 1589 901 1686 lapsura
915 1587 1090 1663 invaditur
1103 1591 1155 1666 ci-

180 1702 295 1774 vitas:
316 1705 354 1775 bc
377 1702 446 1786 srne
468 1699 564 1774 sexus
593 1699 788 1774 discrimine
815 1698 875 1773 vel
896 1701 1029 1790 aetatis,
1050 1704 1155 1805 quid-

181 1807 267 1902 quid
285 1807 576 1903 impetusreperit
589 1860 602 1895 ‚
617 1807 764 1902 poteslas
782 1805 949 1878 iratorum
968 1808 1152 1884 absumsit:

182 1913 241 1986 alii
263 1911 359 1985 exitii
380 1912 587 1985 imminentis
606 1914 754 2003 timore,
771 1935 851 1982 curn
876 1913 957 1984 hinc
972 1915 1059 2011 ignis
1072 1971 1085 2004 ,
1099 1918 1155 1989 in·

181 2025 224 2113 de
250 2047 434 2097 mucrones
453 2040 638 2121 urgerent,
657 2020 815 2119 ultimum
837 2019 985 2114 slentes,
1008 2049 1027 2095 e
1047 2028 1155 2103 muris
1247 2062 1274 2085 υ

179 2134 244 2207 asli
269 2133 324 2206 sua
346 2131 466 2230 sponte
489 2129 710 2228 praecipite's,
737 2130 965 2229 membrisque
990 2134 1155 2211 omnibus
1205 2120 1212 2135 ’

114 2313 117 2318 .
179 2241 342 2318 infirmati
357 2297 369 2334 ,
387 2241 490 2317 vitam
505 2261 617 2314 morte
631 2239 851 2314 funestiorem
863 2241 1054 2341 paulisper,
1069 2247 1152 2322 dum

181 2356 421 2441 caederentur,
446 2369 600 2451 egerunt.
636 2353 816 2425 Extraslus
840 2353 889 2426 esl
912 2373 1021 2429 autem
1046 2358 1153 2434 vivus

136 2548 147 2562 λ
182 2489 260 2539 cum
284 2461 481 2536 satellitibus
502 2481 611 2534 Lxxx
636 2459 807 2552 Nabdates
830 2461 1064 2558 praesdiorum
1079 2491 1153 2538 ma·

180 2573 305 2672 gisler,
325 2583 425 2670 quent
441 2570 602 2642 oblatum
624 2567 687 2640 stbi
709 2593 788 2641 cum
810 2568 885 2653 aliis
904 2569 1039 2643 ‘servari
1060 2572 1154 2667 judit

182 2681 343 2756 intaslum
363 2679 499 2754 serenus
522 2681 710 2776 Imperator
726 2680 765 2751 δι
781 2678 940 2752 clemens.
952 2678 1075 2755 Divisa
1090 2683 1153 2757 ita·

182 2815 251 2892 que
274 2791 443 2888 perpensis
458 2789 587 2862 meritis
602 2789 836 2865 &laboribus
851 2789 989 2893 praeda,
1005 2792 1075 2889 ipse
1088 2849 1100 2886 ‚
1112 2815 1151 2870 ut

171 2923 252 2984 ,erat
266 2929 375 3001 parvo
391 2919 599 2991 contentus,
613 2919 745 2973 mutum
759 2890 903 2997 puercim
920 2901 1074 2999 oblatum
1088 2907 1151 2983 srbi

179 3013 324 3110 suscepit
339 3011 734 3110 gesticularium,multa‚
750 3038 827 3111 quae
844 3011 1000 3103 callebat,
1012 3016 1152 3092 nutibus
1186 3060 1189 3064 ·
1243 3076 1247 3085 .

179 3124 418 3198 venustiffimis
432 3121 659 3218 explicantem
673 3177 685 3213 ‚
704 3126 743 3198 δι
762 3122 870 3196 tribus
883 3126 990 3197 aureis
1003 3129 1151 3203 nummis

181 3254 285 3330 partae
302 3233 457 3306 visloriae
470 3233 646 3329 praemium
660 3232 916 3329 jucundum,ut
927 3235 1151 3330 existimabar,

182 3347 221 3416 bc
234 3363 378 3440 gratum.
391 3345 443 3415 Ex
459 3341 649 3442 virginibus
662 3361 791 3433 autem,
805 3371 883 3441 quae
898 3344 1057 3441 speciosae
1073 3348 1150 3423 sunt
1213 3437 1217 3442 .

182 3471 290 3547 captae
305 3484 316 3539 3
329 3470 366 3522 ut
383 3454 419 3522 in
439 3453 571 3526 perfide
588 3509 598 3543 ‚
615 3454 674 3544 ubi
700 3455 904 3528 feminarum
922 3455 1149 3552 pulchritudo

180 3558 344 3646 excellit,
359 3585 422 3632 nec
437 3565 645 3634 contredare
660 3563 807 3659 aliquam
824 3563 957 3654 voluit,
974 3590 1039 3640 nec
1053 3567 1152 3647 videa

179 3693 236 3742 re:
264 3671 496 3744 Alexandrum
523 3673 670 3747 imitatus
692 3678 731 3748 δι
750 3669 975 3764 Africanum,
998 3678 1058 3780 qui
1075 3678 1150 3750 haec

159 3781 413 3878 declinabant,
435 3809 478 3858 ne
498 3779 732 3886 frangerentur
751 3786 955 3884 cupiditate,
975 3785 1082 3885 quise
1094 3787 1149 3866 in·¹

658 3962 664 3972 .
782 3920 786 3926 ’
884 3897 909 3966 Β
937 3921 956 3966 2
1064 3945 1068 3953 =

994 4097 1010 4128 Ο
