2775 4284
54 320 73 376 Ι

216 258 290 354 ιςι
377 250 626 329 inurunt
651 250 1019 323 ιιιιιιῑιιιιιιι
1060 338 1064 347 .

216 410 371 489 moribus
385 470 395 501 ,
417 413 545 486 famulo
559 412 740 503 tradiderat
754 466 766 499 ‚
780 410 891 508 digitis
902 428 941 483 nt
956 394 1089 481 metatis
1102 405 1193 483 abin·
1247 446 1250 449 ⁴

196 526 406 627 'Enimvero
425 526 450 597 fi
468 526 544 621 quis
566 522 717 597 emilitia
740 522 905 617 Principis
919 533 1038 595 recens
1057 512 1191 615 digres-

210 639 272 712 sus
286 640 404 713 abierit
425 638 461 711 in
481 637 585 731 larern
599 690 611 723 ,
627 653 685 707 aut
705 634 925 731 provedibns
939 687 951 722 ,
964 628 1023 704 tali
1042 631 1189 727 praesen·

218 766 254 823 te
267 802 321 825 .....
334 750 401 822 ἱιίο
417 801 472 823 .....
485 748 564 820 lenu
585 744 707 842 praesul
727 741 1076 816 etiillimaturzceteri
1099 739 1188 814 taci-
1211 811 1216 817 ,

215 859 311 931 turni
343 858 484 931 audiunt
507 856 594 929 diua
619 909 675 929 .....
697 855 788 941 solus
811 851 1054 949 paterfamilias
1079 852 1192 923 tetiutt

218 990 357 1038 narrans
371 964 497 1055 aliena,
509 966 548 1057 dc
562 962 728 1058 placentia
743 960 916 1054 reserent,
925 962 964 1033 &
977 958 1063 1031 utile
1077 956 1188 1054 plera·

217 1096 284 1170 que
308 1072 468 1145 fallendo.
491 1072 640 1165 Quidam
655 1070 776 1157 exiis,
792 1070 873 1142 licet
895 1071 982 1156 rari,
998 1068 1191 1139 aleatorum

216 1183 428 1256 vocabulum
442 1183 654 1254 declinantes
667 1182 846 1278 ,ideoque
867 1179 901 1253 se
924 1181 1099 1276 cupientes
1124 1202 1189 1273 ap·

217 1291 334 1391 pellari
350 1291 562 1365 tesserarios:
578 1292 666 1364 inter
683 1316 772 1390 quos
783 1307 915 1364 tantum
931 1289 1062 1375 differt,
1079 1292 1188 1387 quan}

162 1484 164 1493 y
217 1418 290 1473 turn
312 1402 400 1473 inter
421 1400 567 1497 sures&
592 1398 750 1471 latrones.
765 1402 855 1474 Hoc
877 1418 992 1471 tamen
1011 1390 1192 1470 fatendum

218 1510 266 1587 est
282 1564 293 1600 ‚
310 1511 404 1609 quod
422 1535 500 1584 cum
523 1534 643 1581 omnes
669 1508 825 1581 amicitiae
841 1509 964 1579 Rornae
988 1508 1191 1602 tepescant,

220 1622 353 1695 aleariae
375 1620 456 1693 solae
475 1674 486 1710 ,
508 1618 603 1717 quasi
628 1617 785 1716 gloriosis
802 1618 958 1725 ‘quaesitae
982 1616 1161 1689 sudoribus
1173 1670 1193 1709 ,,

161 1824 165 1831 ¹
213 1728 358 1805 *sociales
376 1729 473 1818 sunt,
493 1730 533 1802 dc
549 1726 669 1801 affeetu
690 1728 801 1800 nimio
813 1726 972 1799 firmitate
987 1728 1087 1823 plena
1101 1729 1191 1799 ‘con-

217 1866 341 1914 nexae:
362 1842 451 1913 unde
472 1840 608 1937 quidam
630 1864 684 1910 ex
712 1839 764 1911 his
785 1838 940 1937 gregillnt
959 1838 1211 1911 inveniuntur-

218 1949 266 2023 ita
287 1952 497 2040 concordes,
512 1968 557 2021 ιιιΙ
572 1946 848 2043 Quintilios··esle
864 1949 1032 2021 existimes
1053 1948 1183 2025 fratres.

217 2061 369 2163 Ideoque
382 2060 500 2130 videre
514 2056 595 2129 licet
610 2057 819 2154 ignobilem,
833 2058 912 2139 artis
927 2057 1105 2129 tesserariae
1117 2055 1191 2130 cal·
1218 2074 1223 2082 '

217 2168 345 2240 lentem
366 2190 508 2256 arcana,
526 2186 567 2237 ut
588 2167 756 2262 Catonem
771 2166 932 2268 Porcium
957 2167 1005 2237 ob
1022 2166 1190 2263 repulsam

217 2294 373 2391 praeture
391 2300 455 2347 nec
478 2273 657 2381 suspeslam
674 2298 776 2347 antea
799 2285 863 2347 ne'c
873 2253 1103 2370 speratam,
1094 2301 1190 2349 ince-

217 2385 298 2458 dere
321 2384 488 2484 gravitate
514 2376 705 2482 composita
724 2385 937 2458 moestiorem
952 2383 1126 2482 ,quod
1097 2402 1132 2457 et
1150 2383 1189 2459 in

217 2492 349 2592 majore
373 2494 546 2569 convivio
570 2487 803 2594 velqconsessu
832 2491 1085 2590 proconsularis
1109 2485 1190 2590 qui·

214 2600 294 2679 dam
311 2604 359 2679 est
376 2604 552 2680 antelatus.
574 2605 750 2679 Subsident
766 2604 871 2703 aliqui
888 2604 1054 2702 copiosos
1076 2602 1191 2677 horni-

217 2734 302 2807 nes,
328 2715 421 2789 senes
449 2734 508 2788 aut
535 2714 703 2809 juvenes,
725 2716 832 2788 orbos
857 2716 916 2788 vel
941 2714 1104 2802 caelibes,
1130 2715 1194 2786 aot

216 2825 321 2914 etiarn
335 2850 459 2898 uxo-res
471 2824 633 2897 habentes
646 2826 685 2898 δι
700 2825 844 2913 liberos,
862 2824 953 2925 (nec
964 2824 1053 2898 enirn
1069 2823 1107 2896 in
1119 2824 1192 2895 hoe

216 2934 320 3009 titulo
344 2934 521 3007 discrimen
541 2935 679 3033 aliquod
703 2934 936 3037 observatur)
958 2934 999 3007 ad
1023 2913 1189 3007 voluntas
1305 3010 1307 3016 ,

217 3060 271 3119 tes
291 3044 485 3118 condendas
508 3044 695 3117 allicientes
711 3069 772 3117 eos
785 3042 965 3144 praestigiis
986 3041 1103 3113 miris:
1114 3038 1193 3136 qul
1276 3093 1280 3099 .
1371 3117 1372 3128 ¹

219 3154 476 3250 cumsuprernis
492 3138 626 3251 judiciis
641 3153 925 3253 ordinumque
919 3154 1117 3240 habebant
1132 3174 1189 3223 re-
1291 3226 1300 3242 ,

218 3262 426 3361 liquerint
403 3289 468 3353 ns,
490 3264 613 3368 quibus
637 3289 770 3337 rnorem
791 3263 942 3363 gerendo
967 3263 1087 3335 testati
1090 3260 1193 3351 sunt²

136 3428 139 3437 ι
218 3372 326 3446 illico
340 3390 508 3470 pereunt,
534 3388 572 3443 ut
602 3372 650 3444 id
666 3367 805 3468 impleri
829 3371 920 3443 sorte
944 3369 1093 3443 satorum
1114 3394 1190 3465 op*

218 3481 397 3586 periente,
419 3506 481 3556 nec
505 3495 655 3578 puteos,
677 3506 742 3553 nec
755 3478 861 3553 facili
886 3460 999 3577 potetl
1020 3478 1193 3577 aegritudo

217 3589 392 3663 tellement
478 3590 648 3673 comitatu
664 3589 712 3663 esi
726 3588 779 3660 his
796 3589 1099 3687 quisquam·.<Alius
1107 3611 1191 3689 curn

218 3699 381 3801 dignitate
400 3692 496 3784 ¹licet·
508 3698 696 3795 mediocri,
714 3698 851 3813 cervice
865 3696 997 3781 tumida
1006 3696 1163 3795 gradiens
1169 3746 1192 3788 n
