2775 4284
551 87 561 130 ¹,
707 89 816 117 Ι.

294 138 300 176 ι
450 171 455 205 1
792 135 843 175 “,
1091 144 1108 199 ιι

146 317 155 334 ·
253 303 301 374 γι
398 265 1071 361 ιιιιιιιιιιιιιιιειιιιιιιι
1172 259 1240 321 ῑ

253 435 384 534 negotii
400 436 570 536 prestigiis
581 490 592 529 ,
604 455 642 512 ut
657 437 791 533 opinari
805 438 975 532 dabatur,
984 439 1044 514 vel
1062 437 1228 514 som'nio'-

254 545 329 618 rum
344 546 557 636 ‘'assiduitate,
571 571 634 620 nec
655 547 764 622 videri
776 547 830 621 die
847 548 995 624 secundo
1004 605 1017 639 ,
1034 573 1098 624 nec
1111 550 1236 646 prod·.
1263 628 1265 635 ,
1371 626 1372 633 ¹

226 686 227 694 ι
256 654 306 726 ire
324 654 361 728 in
383 655 689 748 inedium'voluit,
716 657 897 736 bissextum
916 658 1223 752 vitansFebruarii

186 857 196 872 x
256 767 378 840 mensis
396 787 479 840 tunc
494 765 708 855 illucescens,
725 758 822 866 quod
835 769 1015 865 aliquoties
1032 769 1080 842 rei
1093 770 1224 842 Roma·

162 917 180 926 -
231 895 311 948 ‘'nae
334 871 429 946 fuisse
452 874 609 972 dignorat
626 875 806 950 infaustum
821 901 829 946 ι
847 877 945 971 cujus¹
966 879 1124 951 notitiam
1148 903 1226 967 cer-

258 1003 328 1055 tam
343 983 535 1080 designabo.
547 986 700 1080 Spatium
718 986 798 1058 anni
810 987 975 1062 vertentis
988 987 1023 1059 id
1040 985 1106 1059 effe
1123 986 1226 1083 periti

182 1163 185 1177 ,
242 1088 550 1168 'mundanimotus
563 1098 601 1168 δι
622 1097 765 1168 siderum
787 1093 951 1170 definiunt
963 1115 1115 1186 veteres,
1134 1096 1228 1196 inter

260 1228 349 1301 quos
363 1207 516 1292 Menon,
531 1207 568 1278 δι
588 1202 793 1295 Eudemon,
807 1209 846 1280 &
859 1205 1095 1302 Hipparchus,
1108 1207 1147 1279 &
1161 1210 1231 1276 Ar·

250 1313 434 1406 [chimedes
452 1313 646 1404 excellunt,
669 1339 747 1388 cum
763 1315 814 1388 sol
832 1315 974 1411 perenni
993 1339 1106 1388 rerum
1123 1313 1229 1386 subli-

187 1415 192 1428 ’
261 1423 367 1495 mium
392 1426 466 1522 lege
485 1427 571 1522 polo
594 1427 753 1524 percurso
775 1422 974 1526 fignifero,
978 1453 1079 1524 quem
1100 1425 1230 1498 Zodia'-

263 1559 342 1605 cum
356 1533 464 1608 sermo
483 1539 624 1632 Graecus
642 1539 807 1634 appellat,
830 1538 991 1612 trecentis
1005 1540 1044 1612 δι
1058 1534 1231 1634 sexaginta¹
1245 1529 1260 1554 ³

263 1641 417 1738 quinque
442 1643 559 1718 diebus
586 1635 727 1720 emensis
751 1648 790 1721 δι
810 1647 991 1736 nostibus,
1016 1647 1059 1720 ad
1083 1647 1231 1719 eundem

265 1750 403 1824 redierit
417 1753 608 1827 cardinem·
621 1773 661 1828 ut
664 1755 784 1830 verbo
795 1753 950 1840 tenus,s1
965 1781 983 1828 a
997 1755 1143 1828 secunda
1156 1778 1231 1851 par-

157 1914 163 1926 .
267 1861 374 1934 ricula
387 1865 492 1934 elatus
506 1864 693 1954 arietiS,ad
704 1889 779 1938 eam
792 1862 1002 1936 dimensione
1015 1862 1152 1936 redierit
1164 1867 1233 1934 ter-

268 1971 406 2044 minata.
427 1973 491 2044 Sed
506 1972 587 2044 anni
600 1973 823 2048 intervallum
839 1971 1048 2060 veriffimum
1066 1995 1235 2044 memora·

238 2141 242 2148 .
263 2075 316 2176 ¹tis¹
330 2081 447 2155 diebus
466 2085 504 2154 δι
518 2083 611 2154 horis
631 2082 687 2154 sex
701 2083 849 2178 adusque
866 2081 1042 2153 meridiem
1057 2078 1236 2155 concludi·

269 2205 327 2258 tur
345 2188 479 2282 plenam
493 2211 502 2254 ι
517 2186 665 2282 annique
678 2187 845 2284 sequentis
857 2187 923 2258 erit
938 2188 1014 2283 post
1028 2188 1148 2301 horam
1161 2188 1236 2260 sex-

183 2384 187 2403 ,
270 2313 341 2368 tam
361 2296 498 2372 initium
516 2297 708 2392 porredum
727 2298 770 2369 ad
784 2296 970 2393 vesperam.
985 2287 1123 2372 Tertius
1136 2325 1156 2370 a
1169 2299 1237 2395 pri·

273 2431 329 2478 ma
348 2404 466 2506 vigilia
486 2404 635 2478 sumens
632 2405 841 2497 exordium,
855 2407 899 2480 ad
916 2407 1036 2480 horam
1050 2406 1159 2479 nostis
1179 2431 1238 2478 ex·

40 2537 43 2544 ·
89 2568 94 2583 .
187 2525 190 2533 '
274 2505 423 2586 tenditur
443 2511 580 2594 sextam.
603 2517 756 2607 Quartus
780 2540 800 2586 a
821 2460 937 2586 riredio
957 2513 1067 2586 nostis
1092 2512 1239 2636 adusque

207 2645 208 2657 ¹
275 2605 401 2705 claram
420 2616 565 2696 trahitur
583 2623 704 2697 lucem.
730 2623 817 2694 Ne
808 2623 912 2720 igitur
933 2624 1006 2696 haec
1027 2625 1238 2719 computatio

276 2711 487 2806 variantibus
515 2757 684 2804 annorum
707 2731 908 2829 principiis,
926 2735 964 2807 δι
986 2734 1134 2831 quodam
1163 2735 1240 2832 post

163 2882 165 2884 ·
276 2843 396 2914 horam
418 2839 546 2912 sextam
567 2841 655 2930 diei,
675 2841 748 2914 alio
770 2841 846 2938 post
870 2841 997 2914 sextam
1018 2843 1159 2917 excursa
1179 2871 1242 2917 no·

277 2953 446 3040 dumam,
456 2949 626 3024 scientiam
640 2977 780 3024 omnem
794 2952 942 3048 squalida
954 2952 1145 3031 diversitate
1159 2977 1243 3027 con·

276 3058 419 3148 fundat,
442 3061 480 3132 δι
503 3060 705 3157 autumnalis
727 3059 850 3136 mensis
873 3061 1069 3134 inveniatur
1089 3063 1243 3159 quando·

201 3257 203 3278 Ι
276 3193 343 3264 que
357 3168 526 3243 vernalis:
543 3167 689 3266 placuit,
709 3169 802 3244 senas
821 3170 896 3244 illas
916 3171 1040 3260 horas,
1060 3195 1137 3268 quae
1160 3195 1242 3267 qua·

199 3292 203 3313 ²
266 3271 437 3352 ‘drienmo
450 3298 573 3378 viginti
563 3280 906 3378 colligunturatque
920 3297 1136 3378 quatuor,m
1145 3304 1242 3352 umus
1276 3302 1278 3305 ’

279 3389 346 3462 diei
365 3389 538 3488 nodisque
556 3390 692 3486 adjecta
714 3391 851 3464 transire
876 3388 1076 3463 mensuram.
1098 3390 1258 3489 Hocque¹

200 3471 345 3577 alte
362 3499 599 3590 considerato,
614 3501 754 3574 erudiris
777 3496 1040 3585 concinentibus
1063 3500 1176 3573 multis
1195 3499 1242 3571 es·

271 3611 403 3707 fedum
425 3612 494 3702 est,
512 3633 548 3684 ut
572 3614 614 3687 ad
629 3639 733 3685 unum
754 3599 1011 3722 distindumque
1031 3612 1161 3686 exitum
1177 3612 1242 3682 cir·

269 3725 472 3861 ιιιιιιιιιιιιο
488 3725 602 3802 rursus
615 3751 722 3802 annui
710 3726 913 3818 revoluta,
928 3751 1000 3802 nec
1007 3749 1092 3825 vaga
1105 3721 1164 3814 tit,
1180 3747 1239 3798 nec
