2775 4284
237 231 309 320 246
399 231 652 304 AMMlANI
686 231 1041 304 MARCELLlNl

237 385 335 474 dent,
355 384 411 458 sed
431 387 658 477 deformibus,
679 391 719 464 δι
741 389 951 470 muliebriter
970 387 1085 460 iisdem
1109 400 1206 460 non2

238 521 412 593 nunquam
431 497 610 572 insidentes
618 498 831 599 ,funguntur
845 498 1041 573 muneribus
1055 497 1204 571 consue·

238 605 294 680 tis.
314 608 366 679 Ex
385 608 462 706 ipfis
479 609 593 708 quivis
615 609 652 682 in
671 612 735 686 bac
752 610 894 684 natione
913 633 1048 709 pernox
1066 611 1105 681 δι
1123 631 1205 704 ρετ·

239 713 315 786 dius
327 717 410 788 emit
422 720 459 791 dc
474 716 594 793 vendit
600 721 810 818 ,cibumque
829 717 929 792 sumit
948 719 989 791 δι
1002 737 1144 814 potum
1162 719 1204 789 dc

240 807 424 896 inclinatus
439 823 568 900 cervici
558 824 758 925 angustae
747 825 913 922 Junaenti,
926 825 964 898 in
980 826 1085 898 altum
1099 822 1204 919 sopo-

144 975 149 988 ·
238 956 312 1004 rem
328 935 477 1035 adusque
495 939 693 1012 varietatem
714 939 900 1012 effunditur
917 936 1142 1009 somniorum.
1159 937 1204 1007 lit

239 1039 484 1118 deliberatione
499 1043 599 1141 super
616 1045 718 1120 rebus
736 1045 912 1142 proposita
929 1045 1023 1118 seriis
1034 1101 1048 1133 ,
1058 1045 1128 1116 boc
1142 1037 1217 1115 tta-⁴·

241 1148 315 1220 bitu
336 1177 455 1226 omnes
479 1153 516 1226 in
539 1179 723 1225 commune
742 1153 947 1226 consultant.
964 1158 1122 1252 Aguntur
1141 1177 1206 1223 au·

240 1275 310 1332 tem
332 1263 424 1334 nulla
446 1262 624 1336 seueritate
642 1263 768 1362 regali,
789 1263 847 1335 sed
867 1263 1091 1338 tumultuario
1110 1260 1206 1357 opti-

239 1387 368 1442 matum
390 1373 491 1444 duslu
512 1373 688 1462 contenti,
702 1393 927 1470 perrumpunt
943 1369 1108 1470 quidquid
1121 1370 1209 1441 inci·

240 1481 338 1554 derit.
354 1485 396 1555 Et
410 1503 560 1581 pugnant
578 1508 830 1582 nonnunquam
847 1483 1005 1570 laceffiti,
1017 1481 1074 1554 sed
1085 1481 1209 1552 ineun-

240 1610 293 1666 tes
312 1594 435 1689 proelia
453 1595 623 1668 cuneatim
640 1594 746 1666 variis
762 1593 911 1666 vocibus
924 1591 1121 1664 sonantibus
1132 1607 1210 1660 tor·

241 1725 339 1774 vurn.
353 1706 467 1801 thue
481 1705 524 1776 ad
536 1703 769 1800 pernicitatem
782 1702 859 1774 sunt
872 1702 1013 1775 leves&
1022 1696 1209 1796 τερετιίίυἱὶ
1359 1768 1360 1781 ,

236 1809 289 1886 ita
303 1811 415 1886 subito
426 1815 468 1887 de
482 1813 642 1887 industria
659 1813 793 1910 dispersi
806 1812 1004 1910 vigescunt,
1018 1815 1057 1885 δι
1071 1811 1210 1884 incom-

119 1935 129 1954 “
240 1923 352 2019 polita
367 1923 441 1996 acie
466 1947 543 1996 cunt
564 1924 657 1996 caedc
682 1923 773 1995 vasla
791 1923 1006 1996 discurrunt:
1025 1946 1088 1995 nec
1106 1919 1210 1993 inva-

241 2031 359 2104 dentes
379 2033 530 2124 vallum,
547 2059 610 2108 nec
630 2033 1048 2141 castra''1nrmicapilantes
1070 2056 1141 2129 prae
1153 2029 1211 2102 ni·

241 2140 311 2214 mia
333 2143 510 2236 rapiditate
537 2163 732 2215 cernuntur.
757 2147 879 2240 quue
905 2144 1058 2216 omniunt
1083 2142 1211 2214 acerri-

242 2275 320 2324 mos
340 2248 440 2323 sacile
457 2252 583 2324 dixeris
607 2254 789 2326 bellatores
794 2256 920 2351 ,quod
940 2255 1064 2350 procul
1081 2253 1211 2325 miffili-

242 2359 307 2432 bus
329 2359 424 2450 telis,
449 2361 555 2434 acutis
580 2361 707 2434 offibus
728 2387 795 2458 pro
818 2361 1029 2458 spiculorum
1053 2360 1212 2435 acumine

243 2491 315 2549 arte
349 2471 432 2546 mita
465 2473 733 2571 coagmentatis,
757 2473 815 2546 sed
841 2461 1024 2557 dislinclis3
1050 2471 1211 2546 cominus

243 2582 338 2658 serro
353 2585 422 2658 fine
438 2585 487 2658 sui
507 2585 658 2682 respeslu
680 2585 897 2686 confligunt,
912 2582 1109 2681 hostesque,
1126 2582 1211 2653 dum

242 2717 448 2766 mucronum
467 2695 589 2766 noxias
609 2693 815 2782 observant,
834 2694 1007 2766 contortis
1022 2691 1154 2765 laciniis
1168 2690 1214 2761 il·

242 2799 369 2898 ligant,
390 2821 432 2872 ut
443 2801 605 2898 laqueatis
618 2801 838 2874 resistentium
857 2801 1017 2874 membris
1036 2799 1213 2899 equitandi

242 2909 302 2984 vel
317 2906 490 3008 gradiendi
512 2910 663 2983 adimant
686 2902 888 2985 facultatem.
907 2914 1021 2984 Nemo
1040 2912 1131 3008 apud
1149 2935 1214 2984 eos

244 3039 337 3108 arat,
357 3043 422 3091 nec
436 3017 555 3092 slivam
571 3020 755 3117 aliquando
769 3021 949 3118 contingit.
969 3022 1102 3093 Omnes
1117 3019 1211 3092 enirn

150 3204 155 3224 Ι
243 3130 312 3202 fine
326 3072 460 3200 'sedibus
478 3126 574 3217 siris,
593 3129 717 3227 absque
731 3131 801 3202 lare
817 3133 881 3203 vel
895 3131 968 3229 lege
981 3150 1039 3204 aut
1053 3132 1122 3203 ritu
1144 3130 1213 3203 sia·

243 3238 306 3312 bili
334 3237 562 3333 dispalantur,¹
581 3239 712 3336 semper
734 3241 936 3339 fugientium
962 3243 1105 3330 similes,
1130 3265 1212 3314 cunt

211 3351 222 3364 “
245 3347 413 3442 carpentis
434 3348 471 3431 in
494 3348 618 3444 quibus
647 3352 819 3424 habitant:
844 3352 902 3425 ubi
928 3352 1091 3448 conjuges
1115 3367 1214 3422 tetra

244 3457 312 3532 illis
328 3457 528 3530 vestimenta
544 3477 753 3549 contexunt,
772 3464 809 3534 δι
827 3480 955 3534 coeunt
967 3463 1046 3533 curn'
1062 3458 1213 3549 maritis,

244 3567 284 3640 dc
303 3565 456 3664 pariunt,
479 3570 517 3642 bc
542 3566 689 3664 adusque
712 3562 923 3663 pubertatem
949 3566 1104 3640 nutriunt
1125 3587 1211 3659 pue-

243 3699 312 3752 ros.
338 3674 527 3774 Nullusque
540 3675 630 3772 apud
647 3699 709 3750 cos
731 3671 1215 3778 interrogatus,respondere,
1243 3706 1247 3718 =
