2775 4284
179 264 186 297 ἱ
243 199 308 273 nr
328 179 898 304 onorcnnauaonanr‘co
922 213 1007 271 erc.
1030 184 1113 297 ‘311
1277 260 1281 270 .

149 378 225 454 tus,
243 379 386 461 rogante
401 347 538 461 populo
552 353 591 453 in,
602 360 718 435 tabula
730 384 824 463 ,aenea
843 348 1066 459 juffitscribi,
1080 363 1126 435 bc·

147 471 184 543 in
212 472 357 569 publico
386 472 488 569 poni.
513 470 652 544 Deinde
666 469 777 558 -seuto
804 469 917 542 mense
942 486 1121 543 revertens
1155 550 1157 557 ,

148 583 366 674 Ravennam,
379 581 445 669 alia
459 606 619 681 germana
635 579 694 672 sua
707 580 922 678 Amalabirga
934 580 1068 653 tradens
1081 576 1120 651 in
1138 600 1147 673 ζ
1163 644 1166 651 ,
1223 590 1224 595 ’

148 694 371 770 matrinionio
392 693 641 769 Herminifrido
658 692 729 791 regi
746 691 982 789 Totingorum
998 717 1007 762 ε
1021 686 1058 763 &
1072 688 1120 761 fic
1195 696 1201 713 ¹

147 806 208 877 ibix
224 832 285 905 per
310 797 490 883 circuituni
512 806 641 905 placuit
664 803 825 881 omnibus
847 802 1012 900 gentibus.
1037 804 1119 873 Erat

146 916 239 989 enirn
261 935 394 992 amator
413 917 632 1005 fabricarum,
647 913 903 990 &restaurator
924 911 1121 1015 civitatum.

147 1027 214 1101 Hic
228 1030 460 1127 aqueductum
478 1030 657 1108 Ravennae
670 1024 870 1099 restauravit
881 1078 892 1115 ,
905 1036 1008 1122 quem
1019 1024 1118 1119 prin·
1194 1056 1198 1064 ·

50 1206 55 1214 .
147 1161 227 1233 ceps
236 1136 404 1233 Traianus
415 1137 607 1227 fecerata&
617 1135 693 1232 post
706 1135 811 1211 multa
825 1129 987 1230 tempora
995 1132 1119 1229 aquarn
1224 1112 1240 1125 .,
1346 1112 1351 1121 ἃ

139 1242 367 1336 introduxit:
396 1249 559 1323 Palatium
592 1249 701 1347 usque
729 1250 772 1323 ad
800 1246 985 1345 perfectum
1011 1246 1092 1330 fecit
1104 1300 1119 1340 ,

145 1381 250 1451 quern
272 1372 346 1431 non
369 1358 562 1440 dedicavit:
585 1359 721 1433 Portica
745 1359 835 1433 circa
858 1360 1018 1455 palatium
1040 1371 1135 1457 pegr-¹

146 1463 238 1539 fecit.
259 1469 344 1539 Item
356 1471 506 1545 Verona
519 1468 684 1559 thermas,
701 1470 911 1566 &palatium
926 1468 1031 1544 fecitt
1048 1472 1085 1543 δι
1095 1495 1119 1540 a

147 1594 251 1673 porta
265 1578 370 1677 usque
383 1580 425 1653 ad
438 1568 602 1677 palatium
621 1582 794 1677 porticum
811 1579 956 1653 reddidit
967 1586 1120 1678 :Aque-

149 1689 308 1781 dudum,
330 1692 427 1789 quod
448 1692 554 1767 multa
578 1710 735 1789 tempora
758 1690 958 1765 destruuum
987 1684 1123 1781 fuerat,
1177 1689 1207 1713 ⁹

149 1799 362 1889 renovavit,
378 1806 417 1877 &
439 1829 560 1901 aquarn
579 1802 786 1875 intromisit:
799 1800 1032 1897 Maroialica
1051 1824 1122 1873 no·
1213 1827 1215 1834 ’

149 1908 217 1983 νὸς
251 1908 375 1998 circuit
406 1910 587 1985 civitatem.
619 1915 703 1984 ltenr
734 1910 904 1985 Ticenum
933 1906 1122 2011 Palatium,

59 2016 62 2024 ’
148 2016 338 2105 Thermas,
357 2017 653 2114 Amphitheatrum
666 2071 679 2109 ,
693 2021 732 2093 ἂ
749 2018 836 2091 alios
857 2032 974 2089 muros
996 2013 1121 2106 civita·
1153 2029 1156 2034 ’
1242 2031 1251 2047 ’

149 2125 197 2199 εἰς’
214 2124 308 2199 fecit.
333 2128 397 2201 Sed
419 2130 535 2225 &per
557 2127 638 2203 alias
660 2127 816 2216 civitates
835 2126 939 2208 inulta
954 2122 1122 2202 beneficia

148 2236 316 2333 praestitit.
334 2231 388 2312 sic
405 2238 498 2312 enim
516 2239 701 2313 obledavit
728 2238 862 2315 vicinas
881 2254 1016 2335 gentes,
1029 2254 1068 2308 ut
1087 2234 1136 2324 se„

64 2426 72 2446 ,
149 2346 202 2419 illi
227 2346 286 2419 sub
306 2347 421 2423 foedus
447 2350 588 2439 darent,
609 2349 672 2425 fibi
699 2374 776 2423 eum
799 2372 913 2445 regem
939 2347 1123 2446 sperantes·

65 2486 80 2495 ·
150 2456 373 2553 Negotiantes
396 2480 483 2533 vero
502 2458 547 2529 de
569 2453 710 2532 diversis
731 2456 924 2554 provinciis
948 2455 1128 2551 adipsum
1150 2488 1153 2497 ⁷

151 2566 414 2642 concurrebant.
441 2559 564 2641 Tanta}
588 2568 679 2641 enirn
707 2566 893 2664 disciplinae
917 2566 1005 2656 fuit,
1030 2566 1124 2639 utsr'

151 2677 229 2775 quis
253 2675 367 2749 voluit
390 2675 428 2749 in
450 2701 535 2775 agro
557 2676 619 2751 suo
637 2695 817 2776 argentum
840 2675 898 2752 vel
922 2701 1042 2752 aurum
1066 2676 1123 2749 di·-⁸

126 2839 130 2846 ,
152 2788 306 2878 mittere,
327 2813 368 2861 ac
388 2787 414 2860 fi
434 2786 531 2861 intra·
545 2812 671 2867 muros,
686 2787 839 2861 civitatis
856 2785 956 2887 ess'et,
979 2787 1027 2882 ira
1045 2787 1137 2859 cxi-·

152 2898 354 2973 stimaretur.
375 2902 418 2972 Et
438 2898 509 2995 hoc
523 2922 584 2995 per
597 2896 850 2987 totamrltaliam
864 2897 1039 2994 augurium
1058 2898 1122 2969 lra-
1164 2910 1169 2916 ’

150 3000 271 3095 bebat,
285 3027 324 3079 ut
346 3008 432 3083 nulli
447 3007 578 3082 civitati
594 3026 712 3103 portas
731 2996 876 3081 faceret:
889 3031 954 3080 nec
973 3006 1008 3089 in
1031 3006 1122 3079 civi-

152 3136 222 3190 tate
244 3134 355 3213 portae
376 3116 640 3191 claudebantur:
655 3116 731 3215 quis
755 3116 850 3213 quod
866 3140 953 3213 opus
974 3116 1121 3198 habebar

154 3224 319 3313 faciebat,
334 3251 401 3324 qua·
421 3226 508 3314 hora
520 3225 624 3298 vellet
635 3250 675 3297 ac
688 3225 713 3297 sr
728 3224 764 3295 in
779 3224 844 3298 die.
857 3223 1033 3320 Sexaginta
1045 3248 1122 3295 nro·

153 3333 232 3406 dios
252 3332 355 3407 tritici
380 3332 416 3405 in
439 3332 585 3405 solidum
606 3332 710 3430 ipsius
729 3350 884 3427 tempore
904 3330 1061 3423 fuerunt,
1082 3334 1134 3405 bc*

154 3444 276 3519 vinum
298 3441 436 3541 triginta
453 3441 658 3540 amphoras
649 3469 684 3515 nr
703 3442 863 3515 solidum.

85 3606 93 3622 ,
201 3552 366 3627 Eodem
342 3575 472 3651 itaque
497 3571 653 3651 ternpore
680 3552 823 3625 habebat
848 3549 1035 3625 Anastasius
1054 3516 1123 3621 Irn-

153 3684 293 3761 perator
307 3678 374 3737 tres
385 3676 540 3759 nepoteS,
554 3660 590 3733 id
597 3660 662 3753 est,
674 3660 893 3760 Pompeium,
908 3662 1072 3749 Probum,
1082 3660 1122 3759 bc

852 3776 938 3864 V4'
1027 3810 1060 3823 -·
