2775 4284
240 314 306 390 30.
377 277 655 396 ''AMMIANI
695 287 1071 362 MARCELLINI

149 538 151 542 v
237 452 395 526 absumto
416 455 456 528 δι
471 451 648 550 frugibus,
667 451 900 548 vicorumque
917 449 1068 555 reliquiis
1081 449 1218 526 exullo·
1295 433 1323 450 Ν

238 597 316 645 rum
338 569 456 666 inopia
478 569 709 667 squalentibus
730 568 848 641 ultima
864 597 884 676 ᾗ.
894 569 1059 667 quodque
1083 555 1240 666 liquen-⁸
1313 633 1316 638 .

237 693 330 767 tibus
341 687 408 786 jam
425 690 554 761 brumae
572 681 715 786 'pruinis'
729 705 836 760 omne
851 689 1072 761 immaduerat
1085 687 1234 786 solum„
1294 673 1301 681 i

237 815 278 888 &
289 806 397 907 ruptis
417 810 566 907 riparum
585 802 739 882 terminis
750 803 843 882 audi
861 807 1062 882 inhorruere
1076 810 1216 882 tbrren·

238 952 300 1008 tes
324 937 377 1004 Eo
391 930 498 1003 ¹etiam
520 930 562 1001 ad
586 913 820 1026 difficultatem
847 927 1030 1000 accedente
1055 929 1218 1026 negotii,

238 1050 339 1147 quod
359 1074 419 1144 per
432 1071 488 1119 eas
506 1066 609 1118 terras
622 1071 755 1142 vapore
766 1047 882 1118 sideris
898 1045 1122 1137 calescentes,
1138 1073 1217 1120 rnu-

209 1223 227 1232 -
238 1168 373 1241 scarum
390 1167 429 1238 δι
444 1163 593 1237 culicum
605 1163 826 1236 multitudine
844 1161 968 1236 referta
984 1163 1061 1236 sunt
1077 1167 1216 1258 omnia,
1263 1221 1266 1228 ,

238 1308 425 1381 earumque
439 1281 560 1355 volatu
571 1279 642 1353 dies
656 1283 694 1356 δι
707 1280 873 1356 astrorum
888 1283 995 1357 nodlu
1013 1282 1216 1358 micantium

239 1393 345 1478 facies
369 1400 606 1474 obumbratur.
626 1399 670 1470 Et
696 1425 772 1472 curn
799 1399 885 1471 nihil
906 1397 1216 1496 humani‘profice·

240 1539 319 1610 rent
352 1517 494 1606 sensus,
521 1502 580 1588 diu
598 1515 799 1589 fluduantes
826 1519 865 1590 dt
887 1517 1011 1604 dubii,
1040 1517 1216 1590 exstruitis

240 1637 308 1710 aris
320 1635 476 1732 eaefitque
492 1631 611 1705 hostiis
624 1632 778 1736 consulta
793 1634 971 1707 numinum
987 1631 1215 1706 scitabamur:

240 1745 356 1840 utrum
371 1777 436 1826 nos
453 1776 514 1848 per
527 1749 696 1849 Allyriam
710 1752 838 1826 reverti
857 1751 1052 1836 censerent,
1069 1775 1111 1820 an
1127 1773 1215 1844 prae·

239 1890 294 1946 ter
315 1871 443 1945 radices
465 1869 639 1943 montium
662 1869 771 1943 lenius
795 1869 984 1970 gradientes
1000 1925 1012 1958 ,
1026 1867 1215 1942 Chilioco-

212 2019 220 2038 1
240 1984 338 2064 mutn-
355 2012 465 2086 prope
479 1986 701 2062 Corduenam
720 1986 814 2060 fitam
831 2013 873 2060 ex
897 1986 1091 2084 improviso
1102 1983 1216 2060 vasta-

240 2133 302 2182 re:
322 2132 471 2204 quotum
492 2099 651 2178 neu‘trum
672 2107 761 2177 extis
777 2103 932 2203 inspedlis
952 2103 1098 2180 confore
1124 2103 1215 2176 dice.

241 2230 353 2302 batur.
377 2227 469 2299 Sedit
486 2219 598 2298 tamen
618 2224 781 2298 sententia
795 2253 808 2316 ,·
822 2245 861 2299 ut
875 2282 886 2313 ,
901 2226 1003 2298 omni'
1022 2225 1077 2324 spe
1091 2227 1216 2300 melio·

241 2370 318 2418 tunt
332 2327 477 2432 succisa,
492 2343 712 2416 Corduenam
726 2345 950 2442 arriperemus
966 2369 975 2414 ε
990 2346 1030 2418 &
1052 2365 1124 2417 xv1
1139 2329 1214 2417 Ka·¹
1261 2345 1262 2352 ’

241 2463 334 2534 lend.
357 2459 458 2534 lulias
479 2459 648 2556 promotis
673 2457 741 2557 jam
765 2459 889 2559 srgnis,
909 2460 1084 2568 progrello
1108 2460 1214 2556 impe·
1284 2527 1286 2538 ,
1325 2474 1336 2497 ⁸
1375 2519 1376 2564 3

242 2600 358 2658 ratore
380 2607 458 2664 cum
478 2578 564 2654 lucis
585 2581 754 2671 exordio)
772 2581 886 2654 fumus
907 2581 964 2654 vel
981 2581 1035 2654 vis
1055 2580 1214 2678 quaedam

183 2760 185 2769 .
242 2699 413 2773 turbinata
441 2689 595 2796 pulveris
613 2698 817 2795 apparebat:
831 2715 869 2771 ut
891 2697 1030 2796 opinari
1056 2699 1213 2789 daretur,

243 2816 416 2889 asinorum
438 2815 504 2913 effe
520 2839 636 2913 greges
652 2813 852 2913 agrestium,
867 2831 1015 2920 quorum
1028 2811 1213 2887 multitudo
1293 2873 1297 2878 .
1375 2807 1376 2854 l

192 2998 195 3005 ,
244 2935 281 3007 in
294 2934 451 3009 trudibus
465 2933 512 3006 est
524 2934 591 3008 illis
604 2935 809 3024 innumerar,
824 2935 903 3006 ideo
915 2935 1012 3007 simul
1025 2919 1214 3023 incedens,

242 3074 282 3127 ut
304 3053 553 3150 constipatione
577 3054 837 3128 densasferoces
855 3054 996 3128 leonum
1012 3051 1214 3144 frustrentur
1317 3077 1321 3085 ·
1375 3149 1376 3176 Χ

244 3172 390 3245 adultus.
401 3171 550 3265 Quidam
559 3171 820 3258 arbitrabantur,
831 3173 966 3246 Sacenae
980 3165 1081 3244 duces
1095 3173 1215 3278 adven·

52 3299 54 3301 ’
133 3298 169 3353 ⁸.
243 3309 316 3364 tare
332 3290 403 3389 jam
429 3293 592 3396 nostroS,
614 3292 810 3370 rumoribus
833 3291 1121 3392 percitos,.qu'od
1143 3297 1213 3372 Int'·

244 3429 380 3506 perator
405 3411 629 3507 Ctesiphonta
657 3410 787 3510 magnis
814 3411 946 3486 viribus
972 3429 1212 3511 oppugnaret:

93 3589 96 3605 .
145 3600 148 3606 ,
244 3527 406 3602 nonnulli
424 3527 537 3602 Persas
556 3527 663 3602 nobis
682 3525 857 3602 viantibus
884 3528 1070 3602 incubuille
1094 3527 1211 3600 firma·

12 3640 13 3649 ἵ
63 3665 90 3758 'g
173 3684 193 3758 ἡ·
244 3634 337 3720 bant.
351 3645 432 3718 ldeo
447 3645 536 3718 inter
552 3647 627 3720 haec
641 3645 687 3718 ita
701 3645 855 3742 ambigua
871 3671 913 3718 ne
934 3645 1016 3742 quid
1033 3643 1216 3738 adversum¹

242 3766 431 3917 accidereg,
445 3764 690 3847 revocantibus
717 3763 851 3865 agmina
873 3763 1013 3873 clarificis
1026 3817 1037 3856 ,
1058 3766 1094 3838 in
1121 3763 1220 3840 valle·
