2775 4284
327 50 340 80 N

242 260 318 359 'tab
403 245 1053 379 auurnurunncsatrut

244 441 308 517 bus
324 440 512 517 aemulanda
526 441 628 514 bone
643 434 778 514 fiduciae
792 439 932 538 reliquit
944 438 1097 539 exempla
1110 489 1122 527 ,
1136 441 1213 515 nus·

146 626 149 636 ,
167 553 177 569 “
240 577 346 650 quam
364 550 481 637 allatu
502 569 630 623 nature
647 549 819 622 discedens
838 548 1043 645 intrepidae,
1054 548 1110 622 sed
1126 574 1214 623 con·

138 716 144 721 -
243 659 331 733 {lans
347 656 485 757 sempe?
506 659 683 757 legumque
710 658 843 747 fimilis,
858 682 942 756 quas
962 658 1123 731 omnibus
1144 684 1212 731 una
1235 687 1252 705 ·‘
1280 662 1287 671 ’

242 771 429 867 eademque
450 794 539 843 voce
559 769 655 867 loqui
677 769 714 841 in
742 768 986 866 multiplicibus
1005 769 1224 844 advenimus.
1256 853 1271 863 ,

240 878 373 953 causis:
399 876 458 974 qui
486 897 568 951 tunc
591 877 697 976 magis
724 876 758 948 in
780 876 932 982 suscepta
951 895 1046 973 parte
1076 875 1210 971 justitiae

178 1069 181 1081 Ι
241 985 483 1085 permanebat,
502 1012 581 1060 cum
603 1010 680 1069 eum
700 985 788 1058 reela
807 1002 1004 1058 monentem
1025 986 1211 1083 exagitaret
1330 990 1335 1000 ’

162 1110 163 1113 ’
239 1095 358 1171 minax
379 1100 566 1194 Imperator
580 1096 663 1171 &
633 1096 767 1186 namius.
788 1094 1052 1169 consurreeum
1070 1096 1117 1168 ell
1124 1095 1210 1192 post

238 1205 342 1277 baec
330 1230 369 1281 an
391 1205 506 1278 laudes
526 1204 663 1315 majoris
678 1202 847 1300 Principis
870 1207 908 1277 &
927 1204 1082 1277 novelli:
1101 1205 1211 1277 maxi·

237 1336 364 1422 tneque
396 1314 494 1409 pueri
518 1368 531 1401 ,
554 1338 654 1409 quem
696 1315 881 1386 oculorum
919 1313 1119 1439 flagrantior
1149 1316 1213 1407 lux

126 1454 133 1469 ’
238 1410 519 1512 commendabat,
533 1423 764 1552 vultusque&
778 1419 898 1521 reliqui
913 1424 1071 1520 corporis
1082 1422 1208 1520 jucun·
1217 1490 1222 1503 .

234 1534 432 1622 diffinrus
399 1555 514 1624 mtor,
530 1539 568 1609 δι
582 1538 711 1633 egregia
724 1536 870 1634 peeloris
883 1537 1039 1609 indolest
1028 1562 1127 1633 ·quae
1144 1541 1210 1609 lm·
1217 1599 1221 1608 .

198 1704 204 1715 ,
235 1667 429 1743 peratorem
453 1645 617 1740 implellet
635 1670 712 1718 curn
733 1664 888 1719 veterum
908 1644 1085 1717 leeliffimis
1105 1670 1209 1719 com·

236 1755 424 1855 parandum
438 1809 450 1846 ,
464 1755 497 1831 st
519 1780 577 1851 per
602 1756 666 1829 fata
688 1756 932 1855 proximosque
953 1745 1125 1844 lieuillet5
1147 1756 1220 1854 qui·

235 1866 401 1941 virtutem
436 1862 509 1961 ejus
540 1865 715 1939 etiamtum
748 1863 935 1938 instabilem
961 1864 1210 1939 obnubilarunt

234 1976 364 2049 auibus
389 1975 512 2072 pravis.
535 1979 571 2047 ln
595 1978 663 2050 hoc
690 2002 804 2049 tamen
828 1967 969 2073 negotio
994 1976 1218 2053 Valentinia·.

233 2112 300 2159 nus
318 2091 451 2159 molem
465 2086 653 2161 institurum
668 2089 857 2187 antiquitus
877 2087 1116 2184 supergressus,
1131 2115 1219 2163 non.

234 2195 397 2282 Caesares,
412 2195 466 2265 sed
480 2196 660 2291 Augustos,
675 2220 868 2322 germanum
881 2197 1095 2291 nuncupavit
1107 2194 1202 2271 &fi·
1212 2255 1217 2268 .

233 2307 341 2395 lium,
355 2305 536 2393 benevole
552 2306 636 2381 satis.
660 2308 838 2384 Necenim
859 2305 1048 2404 quisquam
1061 2311 1216 2384 antehac.

231 2360 355 2489 ascivit
377 2413 437 2485 sabi
443 2437 525 2508 parr
516 2412 707 2510 potestate
728 2413 917 2513 collegam
931 2430 1053 2510 praeter
1073 2408 1204 2487 Princi-

102 2552 113 2565 ‘
231 2550 311 2625 pern
334 2524 512 2609 Marcum,
535 2522 594 2619 qui
617 2524 744 2594 Verum
758 2521 958 2618 adoptrvum
974 2518 1111 2593 fratrem
1127 2523 1205 2595 abs·
1184 2561 1214 2596 --.

191 2730 200 2738 η
232 2660 301 2735 que
328 2628 556 2738 diminutione
594 2630 707 2731 aliqua
735 2628 944 2705 aucloritatis
973 2632 1204 2728 Imperatoriae

204 2748 363 2839 ⁸socium
389 2741 482 2833 fecit.

202 2895 205 2900 ·
280 2860 353 2929 vu.
378 2853 439 2926 His
463 2877 506 2923 ex
531 2846 694 2921 sententia
713 2847 855 2922 rectoris
874 2850 913 2927 δι
938 2850 1084 2924 militum
1103 2830 1248 2927 ordi-J
1365 2837 1366 2846 ἵ

230 2964 346 3053 natis,
364 2960 427 3033 vix
449 2959 518 3031 dies
537 2956 750 3031 intercellere
771 2960 870 3053 pauci
887 2977 903 3048 ,·
923 2975 1006 3033 cum'
1022 2964 1201 3036 Mamerti÷

230 3100 312 3165 num
338 3068 532 3167 prefectum
558 3067 722 3163 praetorio
744 3068 787 3141 ab
806 3070 889 3141 urbe
897 3062 1087 3166 regreffum
1103 3126 1114 3161 ‚
1128 3098 1213 3170 quo,

18 3228 19 3235 κ
89 3210 119 3249 ἰ
227 3183 385 3283 quaedam
410 3195 602 3277 perrexerat
623 3179 864 3267 correcturus,
889 3181 1070 3253 Avitianus
1085 3208 1128 3255 ex
1142 3212 1201 3258 vr
1206 3239 1210 3251 .

228 3292 325 3367 cario
346 3289 520 3385 peculatus
534 3288 698 3363 detulerat
716 3313 821 3361 reum.
842 3287 910 3359 Cui
925 3287 1004 3361 ideo
1020 3272 1209 3365 Vulcatius.

228 3402 383 3480 successit
405 3398 547 3473 Rufinus
569 3399 665 3471 omni
680 3426 723 3471 ex
742 3402 836 3497 parte
853 3398 1037 3495 perfell'us,
1050 3403 1089 3491 ὃς
1104 3402 1201 3475 velut

230 3514 361 3613 apicem
374 3511 548 3585 senetlutis
562 3511 986 3607 honoratae-praetendens,
1000 3512 1054 3584 sed
1067 3512 1209 3591 lucran·¹
1250 3572 1256 3577 .
1357 3492 1360 3500 ¹

229 3628 265 3699 di
293 3641 505 3721 opportunas
533 3618 731 3692 occasiones
757 3619 1000 3695 occultationis
1024 3619 1080 3714 spe
1106 3646 1209 3692 nun--

131 3757 133 3763 ’
228 3758 330 3833 quun
342 3730 611 3830 praetermittens.
632 3728 706 3823 Qui
718 3729 836 3804 nablus
854 3728 993 3827 copiam
1008 3730 1209 3829 Principis,.
