2775 4284
145 306 148 315 .
188 361 192 384 ι
232 260 278 330 ⁶2
388 205 651 326 au'iiirui
686 208 1086 324 uuacu'itrui'

230 414 339 488 Nisibi
361 413 520 511 prodita:
546 433 623 510 quae
643 411 709 504 jani
725 406 806 484 inde
828 436 848 483 a
865 405 1089 484 Mithridatici
1100 402 1200 506 regni

231 523 463 622 temporibus,
479 547 523 596 ne
536 519 663 598 Oriens
685 545 704 593 a
728 518 833 593 Persis
848 517 1098 617 occuparetur,
1111 516 1198 590 riri÷

178 662 181 671 ’
229 635 295 708 bus
314 632 432 706 restitit
448 630 616 705 maximis·
635 631 820 728 Nunquam
840 627 930 702 enim
942 629 986 702 ab
1001 627 1094 701 urbis
1114 644 1196 699 ortu

230 743 382 818 inveniri
410 739 520 838 potesi
547 739 725 813 annalibus
748 735 942 836 replicatis,
970 755 1009 811 ut
1028 735 1199 824 arbitror,

173 861 192 948 j
230 872 396 926 terrarum
427 876 503 948 pars
529 851 598 925 ulla
628 851 820 925 nostrarum
840 850 883 922 ab
906 851 1113 945 Imperatore
1138 843 1227 929 vel„

230 961 372 1037 consule
388 959 476 1033 hosti
496 959 674 1034 concessa:
692 960 748 1032 sed
761 984 805 1032 ne
819 958 867 1029 ob
881 975 1017 1052 recepta
1031 956 1168 1052 quidem
1182 1004 1197 1040 ,

229 1094 310 1168 quac
323 1067 452 1166 direpta
463 1067 538 1142 sunt
554 1123 565 1156 ,
581 1093 702 1142 verum
722 1069 770 1138 ob
786 1064 992 1162 amplificata
1004 1088 1126 1162 tegna,
1137 1061 1198 1134 tri·

231 1178 400 1276 umphalis
420 1179 530 1276 gloria
549 1176 645 1250 fuisse
661 1177 789 1250 delata'
804 1177 903 1250 Unde
920 1177 956 1248 P.
974 1173 1129 1270 Scipioni
1148 1172 1198 1246 ob

99 1381 101 1390 p
231 1304 442 1384 recuperatas
462 1271 661 1381 Hispaniam,
682 1287 808 1359 Fulvio
819 1289 936 1384 Capua
949 1284 1024 1381 post
1042 1284 1201 1374 diuturna

233 1398 416 1471 certamina
435 1396 608 1493 superata,
632 1403 669 1473 δι
690 1398 835 1492 Opimio
857 1397 933 1495 post
954 1395 1107 1471 diversos
1124 1394 1199 1468 eiti-

231 1525 287 1578 tus
301 1505 526 1604 proeliorum,
547 1507 769 1605 Fregellanis,
784 1526 867 1583 tunc
888 1504 1108 1603 internecivis
1131 1506 1200 1580 ho.-

231 1617 361 1707 stibus,
377 1618 419 1690 ad
430 1618 638 1692 deditionem
655 1619 857 1714 compulsis,
870 1620 1035 1717 triumphi
1049 1617 1123 1692 sunt
1135 1617 1198 1690 de·

232 1729 357 1826 negati.
374 1729 411 1800 Id
435 1728 535 1802 etiam
559 1731 735 1803 memorie
757 1754 822 1812 iios
841 1750 972 1806 veteres
986 1729 1139 1817 docent,
1161 1727 1199 1801 in

232 1838 392 1912 extremis
411 1839 537 1913 casibus
553 1839 618 1912 isia
640 1865 719 1913 ,cum
746 1840 915 1914 dedecore
932 1837 1063 1934 soederp
1078 1892 1089 1926 ‚
1105 1835 1200 1933 post·

233 1963 335 2047 quam
356 1969 463 2048 partes
480 1950 593 2024 verbis
606 1949 765 2045 juravere
780 1950 979 2046 conceptis,
998 1946 1203 2046 repetitione

231 2057 404 2133 bellorum
433 2057 531 2131 illico
557 2057 740 2130 dissoluta:
770 2074 809 2129 ut
841 2056 1055 2152 temporibus
1085 2051 1203 2151 priscis

233 2167 324 2264 apud
349 2171 470 2238 Furcas
490 2167 660 2240 Caudinas
679 2166 741 2237 sub
755 2164 872 2262 jugum
894 2163 1085 2264 legionibus
1100 2160 1223 2240 missis!¹

93 2283 95 2292 '
232 2277 270 2350 in
295 2273 467 2363 Samnio,
500 2275 540 2346 δι
564 2297 625 2370 per
643 2274 807 2347 Albinum
829 2273 866 2345 in
886 2273 1048 2348 Numidia
1070 2271 1202 2347 sceleste

207 2406 317 2484 ,pace
330 2380 497 2478 cogitata,
518 2383 555 2456 &
578 2382 715 2458 auctore
728 2381 873 2483 turpiter
888 2383 1053 2479 passionis
1065 2380 1203 2455 festina·

84 2559 87 2580 ,
210 2507 215 2511 “
234 2490 279 2568 tac
303 2491 469 2565 Mancino
483 2490 615 2565 'dedito
633 2491 862 2587 Numantinis,
878 2493 1026 2566 Proinde
1047 2492 1204 2568 extrudis

235 2603 394 2692 civibuS,
416 2604 455 2678 dc
477 2603 561 2676 urbe
582 2601 729 2692 tradita,
749 2603 915 2702 missoque
936 2605 1076 2680 tribuno
1103 2605 1203 2677 Con·

234 2713 378 2801 siantio,
390 2713 448 2810 qui
461 2712 668 2786 munimenta
682 2711 881 2810 praesidiaria
897 2712 1202 2812 cumregionibus,

234 2825 375 2922 Persicis
403 2822 624 2919 optimatibus
646 2823 844 2922 assignaret:
864 2849 942 2898 cum
954 2825 1077 2901 Juliani
1090 2824 1202 2921 supre·
1328 2822 1331 2827 ’

234 2937 300 3010 mis
321 2933 511 3031 Procopius
542 2935 708 3026 mittitur,
725 2960 784 3025 ea,
806 2955 845 3009 ut
858 2935 1020 3033 superstes
1033 2935 1091 3022 ilie
1104 2958 1209 3038 man-l

234 3049 353 3137 darm,
379 3048 577 3122 humaturus
604 3048 647 3160 iq
660 3048 852 3123 suburbano
875 3050 1041 3124 Tarsensi.
1064 3048 1139 3144 Qui
1157 3048 1202 3123 ad

138 3193 142 3198 ·
225 3157 482 3264 ¹eipsequendurtp
509 3158 709 3256 professus,
734 3159 912 3234 confestim
925 3185 1072 3255 corpore
1089 3154 1202 3255 sepul·

148 3326 151 3332 ,
233 3287 273 3340 to
286 3266 441 3357 discessit,
455 3293 518 3342 nec
532 3269 679 3342 inveniri
695 3270 834 3367 usquam
849 3270 964 3367 potuit
978 3269 1089 3342 studio
1102 3293 1200 3364 quar·

86 3467 93 3484 ‚
141 3367 143 3380 '
233 3375 314 3448 situs
336 3376 490 3473 ingenti,
519 3377 579 3450 nisi
599 3378 694 3476 quod
718 3379 829 3450 multo
853 3378 968 3475 possea
994 3378 1084 3476 apud
1100 3378 1203 3452 Con·
1259 3362 1267 3380 ’

198 3533 213 3544 κ
232 3485 491 3582 ssantinopolim
513 3487 605 3560 visus
633 3486 681 3559 est
706 3488 819 3566 subito
843 3507 1056 3586 purpuratus·

207 3595 209 3600 ’
287 3595 333 3668 X.
355 3597 416 3666 His
441 3595 510 3668 hoc
536 3595 644 3668 modo
659 3597 820 3692 paradis,
834 3595 1048 3694 discursisque
1068 3594 1201 3672 itineri·

169 3725 171 3732 ·
232 3704 318 3808 bus,
338 3703 560 3783 Antiochiam
575 3704 819 3801 venimus,ubi
831 3709 1094 3807 per'continuos
1107 3707 1203 3802 dies,

1375 236 1377 295 s
