2775 4284
204 253 209 272 ‘
299 285 465 367 aaron
484 283 739 365 casraauu
762 289 842 365 trs.
862 287 980 404 rtrot
1049 282 1121 389 κῆ

155 454 271 550 casus,
285 461 433 535 exitialia
446 458 665 558 provisorum
681 455 822 530 nomina
834 455 1033 545 titulorum,
1045 454 1123 550 jux·

102 610 106 618 =
160 593 195 648 ta
217 573 395 672 opulentas
419 577 592 647 &tenues
616 588 794 642 enervatas
819 566 992 641 succidere
1011 565 1124 641 form·
1202 621 1205 629 ι

159 708 241 773 nas,
263 681 465 781 argumentis
491 680 565 753 aliis
592 677 668 775 post
695 677 917 750 validioribus
942 674 1035 765 aliis,
1061 669 1125 752 usu

160 791 303 864 laedendi
326 791 512 886 reperiente
535 788 710 885 longaevo.
733 782 896 882 Denique
918 784 1126 860 tributorum

103 923 105 928 ·
130 913 132 918 “
161 921 268 973 onera
284 899 565 997 vestigaliumque
583 914 763 994 augmenta
777 895 1017 992 multiplicata,
1032 897 1128 993 opti·

161 1025 290 1082 matum
314 1008 476 1108 quosdam
499 1007 699 1080 ultimorum
726 1025 819 1078 metu
844 1006 1030 1104 exagitatos
1050 1032 1129 1080 mu·

162 1135 234 1190 tare
254 1117 494 1214 compulerunt
516 1115 626 1189 sedes:
649 1115 928 1212 &flagitantium
953 1117 1155 1191 ministrm'
1233 1198 1238 1209 Ι

164 1249 238 1300 rum
255 1226 477 1308 amaritudine
490 1225 625 1322 quidam
643 1226 802 1322 expressi,
817 1251 895 1300 cum
912 1252 984 1299 non
1004 1227 1129 1326 suppe-

164 1351 269 1423 teret,
283 1334 378 1432 quod
389 1333 539 1422 daretur,
555 1350 650 1405 erant
662 1335 817 1430 perpetui
832 1360 1005 1409 carcerum
1019 1338 1132 1437 inqui·

164 1442 423 1542 liniresquibus
443 1442 578 1539 aliquos
595 1468 672 1515 curn
692 1442 1132 1538 vitaejamtaederer&lu·
1177 1464 1181 1470 ’
1220 1516 1223 1522 ,
1264 1476 1266 1481 ’
1366 1462 1367 1501 t

167 1551 236 1638 cis,
250 1549 504 1646 suspendiorum
525 1569 686 1647 exoptata
702 1551 849 1623 remedia
867 1553 1134 1632 consumserunt.

167 1660 252 1733 Haec
266 1659 310 1734 ita
328 1657 555 1732 illecebrosius
577 1679 677 1758 atque
697 1661 913 1736 inhumanius
934 1665 988 1762 agi
1008 1665 1134 1763 loque&

168 1770 268 1844 batur
281 1770 417 1867 quidem
440 1768 595 1866 pertinax
610 1793 754 1842 rumor:
776 1771 1034 1849 Valentinianus
1049 1796 1135 1852 vero

170 1900 329 1978 tanquam
343 1882 478 1954 auribus
493 1906 570 1955 cera
583 1879 677 1953 illitis
691 1882 890 1979 ignorabat,
904 1883 1136 1961 indifferenter

159 1982 308 2091 ¹quidem
326 1993 477 2089 lucrandi
501 1993 620 2064 velex
639 1992 738 2064 rebus
752 1992 900 2065 minimis
919 1994 1061 2084 avidus,
1082 1993 1137 2069 id·

172 2125 240 2201 que
262 2119 390 2174 tanturn
416 2099 590 2198 cogitans,
613 2100 708 2198 quod
735 2100 960 2191 offerebatur;
983 2105 1137 2200 parsurus

173 2226 286 2283 tamen
303 2208 438 2284 fortasse
452 2209 653 2299 Pannoniis,
669 2210 692 2282 si
707 2208 779 2283 haec
795 2228 873 2284 ante
887 2210 1138 2310 ingemiscenda

173 2319 378 2416 compendia
400 2319 632 2416 comperisset,
649 2344 727 2417 quae
749 2321 891 2394 nimium
910 2322 985 2394 sero
1007 2324 1065 2396 tali
1086 2320 1141 2398 di·

155 2431 158 2438 ’
174 2433 257 2506 dicit
269 2431 356 2506 casu.
374 2433 427 2502 Ad
442 2430 709 2525 provincialium
724 2429 931 2500 residuorum
946 2429 1141 2529 exemplum

174 2539 277 2612 etiam
297 2537 447 2632 Epirorae
465 2537 600 2607 adiutos
620 2533 678 2604 srbi
700 2532 822 2629 gratias
841 2559 860 2604 a
882 2532 1042 2629 profesio
1062 2541 1142 2614 mit·

177 2642 774 2744 terecompulfilegatos,1phiclem
797 2646 966 2742 quendam
989 2646 1142 2744 pbiloso-

178 2757 307 2856 phum,
328 2750 509 2850 spectatum
528 2753 657 2827 robore
678 2751 823 2849 pectoris
845 2753 1018 2826 hominem
1028 2811 1041 2846 ,
1061 2758 1143 2832 ade·

180 2889 260 2966 gere
280 2887 351 2935 non
368 2860 488 2959 sponte
507 2860 645 2959 propria
665 2869 804 2958 pergere
826 2863 868 2933 ad
889 2859 923 2935 id
942 2891 1064 2939 munus
1078 2867 1143 2942 im·

180 2973 352 3073 plendum.
371 2971 443 3065 Qui
463 2983 539 3044 c'um
560 2975 801 3065 lmperatorem
824 2968 974 3059 vidisset,
990 2973 1143 3070 agnitus,

182 3083 414 3180 adventusque
442 3080 491 3154 sui
517 3079 646 3153 carrsam
672 3077 919 3175 interrogatus,
943 3081 1064 3153 Graece
1091 3107 1146 3156 re·

183 3196 340 3296 spondit:
356 3212 456 3291 atque
473 3210 512 3265 ut
534 3191 759 3288 philosophus
782 3189 933 3262 veritatis
955 3190 1147 3286 professor,

184 3323 357 3405 quaerente
378 3303 524 3375 curatius
544 3301 720 3398 Principe,
741 3300 764 3370 t
790 3298 847 3386 hi,
867 3299 926 3397 qui
943 3300 1080 3389 misere,
1101 3327 1145 3378 ex

185 3413 302 3489 animo
316 3412 401 3483 bene
416 3409 561 3482 sentiunt
575 3411 616 3481 de
629 3407 805 3505 prefeum
819 3429 1005 3503 gementes,
1015 3408 1145 3507 inquit,

188 3525 227 3597 &
249 3521 362 3594 inviti.
383 3521 466 3613 Quo
481 3520 539 3592 ille
557 3519 667 3594 verbo
687 3538 848 3616 tanquam
866 3517 935 3590 telo
953 3521 1146 3615 perculsus,

188 3635 280 3710 udus
299 3631 369 3728 ejus
388 3651 426 3706 ut
440 3631 535 3730 sagax
555 3631 656 3706 bestia
674 3632 880 3720 rimabatur,
897 3630 1047 3727 genuino
1066 3645 1146 3728 pere

190 3745 365 3824 contendo
393 3742 568 3836 sermone,
591 3765 678 3844 quos
705 3739 892 3818 noscitabar
907 3743 918 3808 ἑ
934 3740 1068 3816 ubinam
1087 3742 1146 3818 ille

885 3850 911 3923 P
936 3875 959 3931 a
