2775 4284
251 191 300 362 ,i
391 204 1065 340 runraurnnaca'trrnr
1136 203 1140 206 ’
1191 337 1199 354 s

210 394 358 496 *sores
375 413 452 498 satos
474 425 515 498 ad
537 425 674 500 smilem
695 424 854 501 fiduciam
878 430 1100 531 concitantes.
1126 378 1212 505 lraec

247 529 337 603 inter
364 559 441 608 cum
466 549 577 634 neque
600 555 724 634 pontes
753 539 988 637 compaginari
1014 553 1212 635 paterentur

235 641 348 713 *undae
358 647 530 720 torrentes
547 644 614 736 ,dc
634 644 792 719 absumtis
809 647 987 735 omnibus,
1001 671 1078 741 quae
1094 642 1211 717 mandi

248 773 428 852 poterant,
443 756 608 848 utilibus,
624 760 745 833 exaslo
765 758 998 832 miserabiliter
1010 756 1118 830 biduo
1131 808 1142 846 ,
1154 755 1213 827 fu·

247 862 342 936 rebar
355 863 467 937 inedia
479 863 595 966 iraque
611 868 757 966 percitus
770 867 865 941 miles
881 923 892 956 ,
907 866 999 940 ferro
1012 888 1214 964 properans,

239 993 350 1064 quam
366 972 489 1066 same,
514 976 730 1077 ignavissimo
756 972 877 1078 genere
901 975 1052 1067 mortis,
1073 971 1215 1048 absumi.

247 1081 465 1156 Erattamen
478 1110 545 1182 pro
569 1089 670 1162 nobis
692 1107 856 1164 aeternum
882 1088 953 1164 Dei
972 1085 1119 1168 eoelestis
1143 1087 1214 1154 nu*-

250 1217 329 1264 men
341 1203 360 1266 τ
375 1187 415 1269 dr
431 1195 538 1270 Persae
555 1216 678 1296 praeter
699 1198 826 1298 sperata
841 1200 1000 1298 priores,
1018 1198 1116 1294 super
1133 1193 1216 1266 sun-

250 1301 360 1376 danda
376 1309 461 1402 pace
482 1325 635 1382 oratores
657 1310 816 1383 Surenam
834 1308 1089 1407 &optimatem
1110 1304 1216 1378 aliurn

250 1411 417 1504 mittunt,
435 1415 568 1490 animos
591 1416 653 1516 ipsi
676 1443 818 1517 quoque
835 1417 1107 1516 despondentes,
1125 1436 1216 1511 quos

198 1562 199 1566 =
251 1521 413 1596 omnibus
435 1549 532 1621 paene
547 1524 680 1623 proeliis
700 1550 777 1623 pars
798 1527 956 1598 Romana
970 1522 1121 1622 superior
1139 1542 1215 1618 gra·

250 1631 329 1707 vius
343 1632 513 1730 quassabat
533 1633 569 1708 in
588 1635 670 1711 dies.
683 1635 915 1708 Conditiones
930 1652 1042 1707 autem
1060 1631 1215 1737 ferebant

143 1786 148 1798 ›
214 1744 217 1760 '
252 1739 463 1817 difficiles&
483 1743 687 1842 perplexas,
709 1741 893 1843 lingentes,
908 1745 1137 1817 bumanorum
1157 1767 1215 1813 re·

252 1849 368 1947 speslu
386 1851 546 1952 reliquias
563 1853 733 1928 exercitus
745 1844 856 1927 redire
872 1854 980 1928 srnere
998 1849 1216 1926 clementitii-

242 1984 502 2062 =mum.regem,
518 1989 596 2060 quae
619 1963 713 2065 jubet
727 1964 759 2037 ‘st
780 1963 975 2062 impleverit
992 1988 1069 2036 cum
1088 1961 1217 2059 prima·

240 2075 345 2148 vtibus
374 2074 496 2148 caesar,
519 2075 650 2148 Contra
680 2077 745 2148 hos
767 2085 845 2148 cum
874 2074 1030 2148 Sallustio
1054 2066 1245 2169 prafeslo‘

253 2183 403 2258 mittitur
427 2181 623 2255 Arintheus
637 2210 646 2254 r
662 2185 795 2258 &dum
816 2183 1021 2256 deliberatur
1043 2182 1219 2257 examina·

128 2295 135 2314 ¹
252 2293 321 2366 tius
332 2287 445 2386 ,quid
469 2286 542 2361 fieri
567 2290 730 2380 deberet,
744 2292 814 2364 dies
828 2303 979 2390 quatuor
993 2292 1067 2367 srmt
1085 2291 1220 2366 evoluti

254 2399 367 2475 inedia
401 2397 601 2472 cruciabiles
620 2407 643 2490 ,'
661 2405 700 2476 &
725 2396 822 2476 omni
846 2400 1015 2500 supplicio
1043 2401 1219 2476 tristiores.

167 2556 169 2564 ι
254 2514 341 2606 Quo
356 2509 520 2610 temporis
545 2509 673 2610 spatio,
687 2526 867 2615 antequam
881 2513 918 2584 bi
934 2513 1171 2601 mitterentur,
1192 2511 1219 2584 sr
1252 2528 1256 2537 '

201 2717 204 2722 Α
252 2619 419 2698 exabusus
442 2621 600 2720 Princeps
613 2613 777 2719 paularim
794 2616 892 2697 terris
908 2622 1086 2696 hostilibus
1104 2619 1221 2696 exces-

252 2731 356 2823 fiffet,
382 2729 538 2831 profesio
561 2731 705 2806 venisset
733 2734 786 2808 ad'
809 2731 962 2829 praesidia
985 2733 1222 2822 Corduena,

220 2921 222 2925 .
253 2843 368 2944 uberis
389 2842 592 2941 regionis&
611 2843 736 2918 nostrae
749 2898 761 2934 ,
772 2869 816 2917 ex
832 2869 875 2916 eo
888 2843 995 2935 loco,
1009 2843 1045 2915 in
1059 2869 1130 2942 quo
1146 2846 1220 2921 baec

143 2939 147 2946 ⁴
169 2991 171 3002 s
254 2953 467 3053 agebantur,
483 2951 666 3027 centesimo
684 2953 796 3052 lapide
809 2936 993 3050 dispara'tae.
1008 2953 1145 3028 Petebat
1157 2980 1222 3028 au·

79 3069 85 3076 '
254 3083 326 3138 tem
348 3057 650 3155 rex-obstinatius,
669 3081 708 3137 ut
728 3062 798 3164 ipse
817 3061 927 3159 ajebat
945 3117 956 3153 ,
977 3061 1034 3137 sua
1052 3064 1179 3136 dudum
1199 3089 1221 3138 a

246 3169 467 3248 'Maximiano
493 3190 629 3268 erepta:
652 3191 692 3244 ut
720 3173 866 3247 docebat
886 3189 996 3245 autem
1019 3173 1222 3271 negotium,

256 3295 324 3382 pro
340 3279 551 3354 redemtione
572 3279 686 3353 noslra
703 3281 879 3379 ,quinque
894 3278 1050 3381 regiones
1065 3281 1222 3354 Transti·
1347 3293 1352 3302 '

253 3391 401 3491 gritanas
418 3419 428 3464 ε
449 3395 675 3480 Arzanenam,
691 3395 729 3466 δι
744 3395 980 3481 Moxoenam,
1001 3393 1039 3465 δι
1056 3392 1221 3464 Zabdice-

112 3508 115 3515 “
156 3571 158 3576 .
246 3502 556 3602 ’nam3iridemque
569 3501 791 3576 Rehimenam
806 3503 1221 3610 ,&Corduenam,cum

124 3611 130 3634 ’
248 3615 400 3692 'castellis
423 3615 645 3721 quindecim,
665 3617 704 3689 ὃ(
725 3610 881 3704 Nrsrbin,
909 3616 948 3689 δι
966 3614 1160 3712 Singaram,
1181 3613 1222 3686 δι

259 3725 364 3804 castra
381 3729 609 3822 blancorum,
624 3725 872 3802 munimennrm
899 3749 1064 3826 perquam
1092 3745 1223 3823 oppor-

752 4005 822 4086 ι’,
