2775 4284
99 278 104 301 ¹
232 272 303 345 162
391 266 1031 347 uu'utsulmaucetttul
1079 358 1101 379 ⁸
1150 346 1166 381 Ι
1347 1 1366 379 i

1358 519 1366 1012 l

229 425 334 523 lispep
348 428 483 518 morati,
498 453 577 503 cum
592 452 704 527 neque
716 428 988 519 Valentinianus,
1000 447 1040 503 ut
1052 427 1204 527 spopom

230 538 352 627 derat,
364 537 420 612 die
440 540 603 635 praedido
618 537 779 628 venisset,
791 564 856 612 nec
874 538 1118 634 promissorum
1133 537 1204 614 ali-

229 647 318 747 quid
335 649 551 722 advetterent
568 650 717 737 sadum,
740 650 782 721 ad
800 647 1001 723 comitatum
1020 648 1137 722 misere
1149 651 1207 721 le·

230 777 348 859 gatos,
361 759 559 856 poscentes,
573 758 779 834 adminicula
796 760 856 833 fibi
881 755 954 831 dati
975 758 1134 832 redituris
1155 758 1204 840 ad

229 868 314 958 sua,
330 892 373 939 ne
389 868 648 947 nudaboslibus
666 885 882 966 exponerent
897 886 1003 965 terga.
1019 867 1128 959 Quod
1139 868 1204 941 uhi

84 1076 87 1083 Δ
152 1025 167 1081 f
232 977 349 1075 negari
370 964 600 1077 per¹ambages
619 977 782 1053 sentirent
803 982 841 1053 δι
854 975 1116 1067 moras,moesli
1138 1002 1204 1050 ex.

232 1088 312 1164 inde
337 1090 553 1164 discesserunt
580 1094 618 1169 dc
643 1089 819 1187 indignati.
843 1090 993 1188 Hocque
1018 1108 1204 1185 comperto

127 1260 130 1269 .
231 1223 327 1297 reges
338 1220 378 1271 ut
390 1200 539 1273 ludibrio
551 1200 658 1274 babiti
671 1198 869 1289 saevientes,
882 1198 1028 1295 captivis
1040 1199 1206 1273 omnibus

232 1306 439 1397 intersedis,
460 1308 621 1407 genitales
635 1327 796 1405 repetunt
813 1327 928 1381 terras.
943 1307 1047 1405 Apud
1059 1307 1125 1381 laos
1143 1333 1206 1405 ge·

231 1420 342 1493 rrerali
360 1420 501 1493 nomine
519 1444 580 1492 rex
594 1418 993 1519 appellaturllendinos‚
1005 1418 1124 1493 &ritu
1139 1444 1206 1492 ve-

208 1608 211 1619 ,
233 1530 300 1604 reri
313 1528 478 1626 potestate
499 1530 651 1628 deposita
665 1527 1053 1621 removetur,srsubeo
1065 1527 1206 1605 fortuna

232 1643 435 1716 titubaverit
446 1640 544 1728 belli,
558 1642 616 1715 vel
633 1641 780 1740 segetum
794 1639 930 1735 copiam
944 1640 1119 1737 negaverit
1131 1659 1206 1713 ter·

234 1776 295 1823 ra:
309 1768 347 1821 ut
368 1748 478 1822 solent
501 1745 654 1849 AEgyptii
673 1744 944 1843 castuejusmodi
957 1745 1205 1845 suisaffignare

232 1859 434 1935 tedotibus.
450 1863 539 1933 Nam
553 1859 708 1935 sacerdos
718 1858 809 1955 apud
820 1856 1035 1957 Burgundios
1048 1856 1210 1932 omniunt
1364 1887 1365 1926 ;

233 1965 404 2043 maximus
426 1968 736 2043 vocarur‘Sinissus
753 1990 763 2038 ι
783 1970 824 2043 &
843 1964 1114 2063 estperpetuus,
1135 1968 1206 2039 ob·

233 2081 362 2153 noxius
383 2078 631 2153 discriminibus
644 2079 765 2164 nullis,
778 2097 817 2151 ut
836 2102 939 2176 reges.
958 2081 1021 2150 Per
1038 2077 1126 2151 hanc
1139 2103 1205 2153 oc·

233 2192 406 2281 casropem
427 2191 603 2285 impendio
624 2190 880 2285 tempestivam,
900 2190 1110 2265 Alamannos
1122 2215 1206 2290 gen·

233 2302 278 2375 tis
301 2298 477 2383 antedisia
499 2317 592 2371 metu
612 2297 780 2393 dispersos
801 2298 970 2396 aggressus
994 2324 1055 2397 pet
1078 2300 1207 2377 Ratira

234 2407 477 2497 Theodosius,
497 2431 536 2481 ea
552 2408 755 2505 tempestate¹
766 2406 921 2506 magister
937 2409 1111 2508 equitum,
1124 2410 1207 2507 plu-
1363 2453 1364 2468 κ

235 2521 328 2597 ribus
341 2519 444 2611 caelis,
457 2516 682 2619 quoscunque
695 2521 805 2616 cepit,
815 2522 859 2594 ad
870 2521 999 2595 ltaliam
1012 2517 1097 2616 jussu
1108 2522 1206 2595 Prin·

73 2644 78 2662 “
234 2634 321 2731 cipis
333 2633 436 2721 mifit,
451 2632 528 2723 nbi,
544 2632 710 2705 fertilibus
726 2634 818 2732 pagis
833 2634 998 2733 acceptis,
1010 2632 1079 2730 jam
1091 2635 1206 2718 tribu-⁴

91 2760 93 2767 ’
137 2830 144 2855 ·
177 2793 184 2807 .
233 2744 310 2823 tatii
328 2742 579 2817 circumcolunt
601 2744 740 2817 Padum.

285 2854 346 2925 Vl.
367 2852 459 2923 Hinc
481 2871 641 2948 tanquam
662 2850 699 2923 in
723 2852 844 2927 orbem
866 2849 1049 2949 migrantes
1071 2850 1175 2925 alium
1187 2867 1206 2945 ‚⁴

235 2961 279 3035 ad
300 2958 488 3057 Tripoleos
511 2958 682 3033 Africana
698 2959 891 3055 provinciae
912 2950 1091 3035 venianius
1109 2987 1204 3036 eru·

234 3096 351 3158 mnas,
363 3094 461 3167 quas,
481 3090 519 3142 ut
539 3069 997 3169 arbitrorduslitiaquoque
1009 3070 1080 3169 ipsa
1095 3071 1203 3147 defle·

234 3181 308 3255 vit:
325 3204 402 3279 quae
419 3179 509 3251 unde
530 3179 632 3253 inslar
656 3179 807 3252 exarsere
828 3179 1063 3270 flammarum,
1088 3200 1204 3257 textus

233 3286 364 3383 aperiet
382 3285 565 3382 absolutus,
590 3285 783 3359 Austuriani
798 3286 850 3361 his
872 3288 1078 3363 contermini
1097 3290 1205 3386 parti·
1361 3345 1362 3348 ,

235 3393 299 3468 bus
319 3394 472 3480 barbari,
491 3394 527 3466 in
543 3385 711 3468 discursus
727 3393 857 3490 semper
875 3396 1025 3492 expediti
1042 3396 1204 3484 veloces,

235 3504 424 3602 vivereque
441 3502 556 3576 assueti
575 3503 702 3598 rapinis
722 3505 761 3578 δι
783 3503 949 3595 caedibus,
963 3503 1131 3603 paulisper
1144 3532 1205 3603 pa·¹
1361 3511 1362 3590 g

113 3606 121 3615 ’
234 3614 323 3705 cati,
344 3614 379 3723 in
394 3613 562 3710 genuinos
576 3612 727 3686 turbines
746 3612 895 3691 revoluti
910 3612 986 3685 sunt
996 3667 1007 3702 ,
1019 3613 1107 3685 hanc
1123 3638 1202 3685 cau·

234 3726 300 3801 sam
321 3725 567 3826 pretendentes
589 3740 626 3797 ut
651 3722 781 3799 setiam.
803 3724 950 3799 Stachao
974 3722 1110 3822 quidam
1134 3747 1204 3808 no·⁴
