2775 4284
249 199 318 290 264
389 197 647 270 AMbllA'Nl
685 193 1066 268 Mnucsstttttt

248 378 317 432 tate
343 358 512 458 appellant
538 336 721 448 bastitum,
752 355 842 431 vires
871 354 1002 428 validas
1024 351 1225 453 erigebant}

170 545 174 556 ,
249 468 388 540 barbari
415 493 503 540 vero
528 465 698 562 majorum
725 466 841 538 laudes
864 462 1069 537 clamoribus
1092 462 1219 534 stride-

249 578 333 650 bant
354 577 565 651 inconditis:
589 578 745 673 interque
768 575 885 648 varios
907 573 1069 646 sermonis
1090 571 1218 644 dissoni

249 689 404 786 llrepitus
415 688 548 761 leviora
561 687 683 784 proelia
698 687 922 760 tentabantur.
932 688 1072 783 Jamque
1086 685 1217 755 verutis

251 803 291 874 dc
305 799 465 872 similibus
478 798 551 870 aliis
567 799 728 896 utrinque
741 797 844 869 semet
857 796 987 868 eminus
1002 795 1217 882 lacessentes,

253 910 295 980 ad
314 907 536 981 conserendas
560 907 673 979 coiere
697 907 875 982 minaciter
899 930 1040 978 manus:
1061 907 1101 989 dc
1115 900 1217 976 scutis

253 1019 290 1092 in
304 1018 506 1092 testudinum
524 1017 670 1089 sormam
688 1016 948 1114 coagmentatis,
961 1041 1020 1112 pes
1036 1039 1113 1088 cunt
1129 1015 1219 1109 pede

254 1128 400 1202 collatus
425 1127 483 1200 etl.
504 1127 708 1224 Barbarique
715 1145 777 1216 ,ut
798 1128 1001 1224 reparabiles
1023 1125 1153 1221 semper
1176 1125 1220 1196 δι

256 1240 403 1330 celeres,
418 1239 570 1340 ingentes
585 1239 699 1312 clavas
710 1240 747 1312 in
762 1241 896 1314 nostros
911 1239 1132 1333 conjicientes
1145 1260 1219 1307 am·

156 1358 159 1372 '
250 1350 388 1439 bullas,
404 1347 650 1446 mucronesque
663 1349 774 1423 acrius
793 1349 1011 1422 resilientium
1026 1345 1221 1446 pedonbus

254 1459 446 1548 illidentes,
466 1457 633 1531 sinistrum
658 1483 769 1533 cornu
788 1479 1036 1557 perrumpunt:
1052 1460 1148 1558 quod
1164 1457 1222 1528 in·

257 1569 417 1642 clinatum
435 1566 617 1640 subsidialis
635 1569 876 1654 robulliffimus
891 1569 1033 1669 globus,
1046 1593 1066 1640 e
1080 1564 1223 1662 propin·

177 1742 181 1753 .
259 1701 332 1776 quo
350 1678 452 1749 latere
471 1675 608 1750 fortiter
623 1677 775 1769 excitus,
785 1680 935 1751 haerente
945 1677 1012 1772 jam
1026 1697 1138 1750 morte
1151 1701 1223 1751 cer·

258 1785 394 1859 vicibus
414 1785 620 1858 sustentavit.
643 1791 811 1862 Fervente
829 1786 931 1886 igitur
948 1787 1057 1861 dentis
1075 1787 1225 1863 caedibus

259 1898 411 1994 proelio,
432 1897 467 1969 in
482 1897 660 1972 confertos
680 1900 822 1997 quisque
840 1899 1009 1998 promtior
1021 1899 1139 1990 ruens,
1156 1901 1225 1972 ritu

250 2006 433 2103 'grandinis
457 2005 608 2104 undique
633 2007 859 2083 volitantibus
881 2009 957 2083 telis
979 2011 1226 2107 oppetebat&

260 2113 380 2210 gladiis
394 2141 403 2184 ε
419 2115 456 2187 δι
473 2113 699 2208 sequebantur
718 2117 849 2213 equites
867 2118 949 2192 binc
970 2116 1049 2190 inde
1067 2115 1225 2217 fugienti·

250 2219 324 2290 'bus
343 2218 505 2313 occipitia
519 2221 651 2293 lacertis
667 2223 861 2320 ingentibus
875 2226 1096 2322 praecidentes
1109 2229 1149 2302 δι
1158 2245 1224 2299 ter·

261 2350 304 2422 ga
316 2352 325 2396 :
339 2323 523 2422 itidemque
535 2327 734 2403 altrinsecus
747 2331 880 2427 pedites
896 2333 1089 2432 lapsorum,
1102 2335 1225 2410 timore

255 2434 529 2532 impeditorum,
549 2436 693 2514 secando
718 2439 921 2542 suffragines.
946 2449 1088 2521 Etcum
1111 2449 1225 2522 omnia

263 2544 427 2618 caesontm
457 2550 663 2643 corporibus
690 2553 934 2648 opplerentur,
959 2554 1116 2651 jacebant
1138 2557 1225 2629 inter

263 2680 324 2729 eos
346 2655 483 2752 quidam
502 2655 728 2746 semianimes,
750 2659 842 2756 spent
862 2662 945 2736 vitae
967 2663 1113 2737 inaniter
1132 2665 1225 2739 usur·

263 2767 401 2864 pando,
418 2767 475 2837 alii
490 2767 611 2863 glande
631 2767 919 2863 fundisexculla,
932 2773 989 2846 vel
1007 2775 1227 2849 arundinibus

247 2877 401 2946 'armatis
423 2873 515 2948 serto
538 2876 664 2950 confixi
680 2904 690 2949 ε
709 2880 923 2974 quorundam
945 2883 1055 2979 capita
1076 2908 1136 2980 per
1155 2909 1227 2956 me·

247 2986 358 3058 ‘dium
392 2985 516 3060 frontis
548 2991 587 3062 δι
616 2989 756 3062 verticis
786 3015 954 3063 mucrone
986 2991 1165 3081 distincta,
1191 2991 1225 3061 in

264 3107 449 3190 utrumque
478 3097 657 3170 humerum
682 3122 810 3196 magno
831 3124 910 3172 cum
934 3100 1079 3172 horrore
1103 3100 1227 3196 pende·

220 3287 225 3296 ,
267 3204 359 3276 bant.
382 3205 424 3276 Et
447 3205 613 3300 pertinaci
634 3207 894 3281 concertatione
915 3209 1069 3281 nondum
1088 3207 1228 3307 lallatae,

265 3301 370 3414 ¹aequo
398 3317 508 3387 Marte
531 3337 639 3411 partes
665 3316 768 3389 semet
790 3314 982 3390 altrinsecus
1005 3316 1227 3388 afflidlabaut:

267 3446 330 3493 nec
350 3423 390 3494 de
411 3421 526 3520 rigore
549 3424 895 3522 genuinoquisquam
919 3425 1129 3510 remittebat,
1150 3427 1227 3496 dum

266 3531 357 3606 vires
376 3533 567 3607 animorum
585 3535 738 3610 alacritas
752 3536 925 3609 excitaret.
948 3537 1100 3609 Diremit
1118 3555 1228 3607 tamen

265 3643 477 3718 interneciva
493 3644 675 3719 certamina
690 3646 812 3720 cedens
828 3645 971 3745 vespero
985 3644 1080 3720 dies:
1094 3647 1133 3720 &
1147 3667 1228 3719 cun·
