2775 4284
243 198 334 327 ‘122‘
389 244 1068 384 nuuinmutacanttnt
1128 218 1181 286 ‘1

203 484 204 490 ,
240 404 396 505 magister
420 406 641 483 rhetoricus:
665 403 852 503 deploratis
878 409 1060 483 novisfime
1083 401 1210 499 rebus,

238 626 469 702 semiermibus
501 629 642 721 paucis,
670 645 762 725 quos
790 626 985 738 Diogmitas
1013 625 1212 722 appellant,

237 760 347 811 unum
376 734 596 833 grassatorum
621 760 790 827 cuneum,
814 734 839 808 si
868 735 1025 833 patuisset
1052 734 1215 813 facultas·

236 844 366 920 adoriri
394 862 557 937 conatus,
571 870 632 943 per
655 844 833 943 angustum
859 847 1028 945 quendam
1048 843 1215 918 transiens
1262 883 1268 891 ·

171 991 174 997 ·
231 955 445 1031 'devexitatis
468 954 686 1045 anfractum,
709 959 751 1030 ad
774 955 991 1039 inevitabiles
1010 956 1109 1031 venit
1128 954 1211 1027 infi-

237 1067 332 1141 dias:
349 1068 394 1145 ¹&
419 1066 559 1139 ibicum
574 1067 624 1139 his
653 1067 828 1141 confossus
843 1067 922 1159 esl,
944 1071 1033 1166 quos
1055 1066 1213 1141 ducebat.

238 1176 317 1249 Tali
334 1175 482 1249 successu
499 1175 646 1249 latrones
658 1169 907 1272 praetumidos,
926 1176 1140 1273 palantesque
1152 1198 1216 1272 per
1306 1246 1309 1251 .

239 1288 335 1359 varia
362 1286 611 1372 confidentius,
638 1285 821 1361 interseuis
845 1285 1032 1385 aliquibus,
1060 1287 1102 1359 ad
1127 1285 1214 1359 late·

214 1394 339 1481 ,brosa
366 1395 536 1468 montium
564 1394 668 1495 saxa,
694 1412 773 1495 qua
790 1395 971 1485 incolunt,
987 1395 1109 1469 excita
1133 1415 1212 1470 tan·

192 1496 196 1505 ¹
239 1504 320 1577 dent*
343 1504 463 1600 copial
478 1504 722 1579 contruserunt
741 1533 751 1577 :
770 1504 831 1577 ttbi
853 1532 934 1581 cum
957 1504 1005 1578 eis
1030 1529 1094 1581 nec
1112 1504 1212 1601 quie-

53 1690 55 1699 ,
138 1646 140 1651 ’
239 1614 375 1701 scendi,
390 1638 454 1687 nec
468 1613 664 1689 inveniendi
682 1615 725 1689 ad
735 1597 862 1690 vidiuin
881 1614 988 1703 utilia,
1002 1613 1105 1711 copia
1116 1614 1234 1692 laaa·.

127 1790 129 1797 s
238 1744 352 1813 retur,
373 1750 433 1823 per
447 1724 594 1799 indutias
614 1750 732 1823 pacem
752 1725 815 1822 sibi
836 1725 940 1798 tribui
960 1724 1213 1821 poposcerunt,

238 1836 610 1933 Germanicopolitanis
629 1836 1012 1935 sudoribus,'quorum
1026 1837 1116 1932 apud
1128 1860 1212 1925 eos,

238 1964 278 2019 ut
290 1944 455 2044 signiferae
465 1970 596 2036 manus,
613 1944 743 2041 semper
756 1946 894 2040 valuere
907 1945 1101 2019 sententia:
1116 1946 1212 2021 obfi-

239 2055 405 2153 dibusque
425 2054 510 2128 datis
523 2108 537 2143 η,
562 2075 600 2127 ut
619 2054 822 2153 imperatum
836 2054 908 2144 est,
932 2054 1126 2127 immobiles
1153 2053 1215 2129 diu

238 2165 410 2255 mansere,
424 2164 509 2235 nihil
528 2168 688 2239 audentes
708 2166 841 2239 hostile.
861 2168 953 2239 Haec
964 2164 1053 2239 inter
1067 2168 1214 2240 Praetex-

239 2292 329 2349 tatus
350 2272 582 2369 praefedluratn
602 2274 696 2345 urbis
713 2273 889 2349 sublimius
906 2301 1051 2365 curans,
1071 2302 1132 2373 per
1156 2277 1213 2350 in·

239 2382 626 2483 tegritatisntultiplices
639 2384 733 2460 aslus
747 2389 786 2461 δι
806 2386 1006 2483 probitatis,
1024 2388 1150 2485 quibus
1167 2387 1213 2461 ab

213 2546 215 2551 -
239 2493 476 2581 adolescentiae
493 2493 698 2568 rudimentis
722 2494 903 2586 inclaruit,
918 2496 1059 2593 adeptus
1083 2496 1131 2569 est
1155 2496 1214 2585 id»,

225 2605 337 2705 'quod
351 2630 428 2683 raro
445 2606 635 2706 contingit,
654 2626 720 2698 ut,
744 2634 823 2681 cunr
844 2608 1039 2699 timeretur,
1059 2634 1213 2685 amorem

240 2742 314 2791 non
337 2718 491 2813 perderet
513 2715 662 2805 civium,
685 2716 800 2791 minus
822 2715 953 2789 firmari
977 2717 1114 2790 solitum
1135 2722 1214 2813 esga

186 2829 189 2840 ’
216 2842 220 2847 ’
240 2828 369 2927 judices
388 2828 600 2920 formidatos.
623 2828 733 2923 Cujus
751 2829 951 2903 audoritate
972 2828 1131 2928 justisque
1152 2853 1220 2917 ve·¹

113 3004 130 3033 ,-
175 3023 179 3041 ,
242 2943 350 3017 ritatis
373 2941 536 3041 suffragiis
557 2942 707 3017 tumultu
727 2941 977 3038 lenito,quem
998 2940 1214 3017 Christianot

241 3080 318 3129 rum
334 3054 443 3155 jurgia
455 3055 692 3143 concitarunt,
707 3054 874 3152 pulsoque
888 3055 1026 3143 Ursino,
1038 3051 1104 3126 alta
1116 3050 1216 3149 quies

144 3160 153 3169 ’
243 3183 362 3263 parta,
377 3164 557 3262 proposito
576 3164 704 3237 civium
723 3165 961 3237 Romanorum
975 3162 1161 3259 aptissima:
1173 3161 1219 3235 δι.
1237 3163 1242 3178 ’

241 3272 452 3347 adolescebat
473 3270 583 3371 gloria
603 3270 756 3369 praeclari
778 3270 920 3343 recloris
942 3270 1096 3367 plura&
1116 3266 1215 3341 utilia

154 3408 158 3413 ’
229 3380 465 3477 disponentis.
487 3382 644 3480 Namque
670 3385 708 3457 δι
728 3380 896 3453 maeniana
917 3378 1048 3451 sustulit
1071 3375 1214 3465 omnia,

10 3466 11 3477 ἵ
127 3492 136 3505 “
177 3588 180 3600 ,
243 3489 399 3565 fabricari
419 3494 542 3567 Roma
564 3490 679 3588 priscis
702 3514 842 3588 quoque
860 3490 972 3569 vetita
997 3489 1152 3589 legibus:
1172 3489 1214 3565 de

10 3656 11 3671 κ
132 3684 135 3691 ,
195 3610 215 3651 ·“
241 3599 404 3675 discrevit
422 3601 466 3674 ab
484 3598 611 3673 adibus
627 3597 728 3673 sacris
749 3598 967 3704 privatorum
979 3598 1121 3697 parietes
1133 3648 1145 3695 ,
1157 3594 1213 3666 iis·

219 3767 220 3775 κ
243 3704 322 3787 dem
346 3710 578 3807 inverecunde
598 3708 778 3787 conneaos
798 3714 1049 3811 :ponderaque
1073 3732 1134 3809 per
1157 3730 1213 3781 re·

1282 164 1378 339 ‘t

216 570 218 577 ,
240 518 397 615 luxuque
424 516 626 612 adjumento
652 517 796 591 militari
828 534 1022 606 marcente,
1048 515 1212 591 adhibitis
1268 505 1284 598 ⁴,
