2775 4284
226 247 254 318 4
390 225 640 348 nuumur
675 227 1031 306 ιιιιιιῐιῑιιιιιι

178 393 180 399 “
228 363 418 456 ⁴lenitudine
448 349 604 458 Romanu
637 385 859 482 spondebant.
884 392 1045 489 Denique
1064 396 1213 492 praese·

230 495 361 566 bovem
378 519 578 568 coronarum
599 517 754 592 agentes,
769 502 863 596 quod
877 501 924 573 est
945 504 1035 598 apud
1044 529 1106 577 eos
1125 505 1194 577 sus-

231 623 340 699 ceptae
362 603 453 701 pacis
482 604 669 694 indicium,
693 606 891 691 descendere
914 610 1129 707 suppliciter:
1155 616 1196 687 &

227 713 338 786 statim
354 714 566 786 munimento
579 715 674 786 omni
688 715 852 808 incenso,
865 720 997 792 Pusaeus
1016 720 1087 816 ejus
1102 739 1193 818 prae·

227 823 353 914 fectus,
368 825 436 896 dux
457 823 598 922 AEgypti
618 822 906 919 postea,·honore
928 827 1118 901 tribunatus
1136 828 1192 900 af·

226 926 332 1008 sedus
350 934 406 1008 est.
429 935 564 1032 Reliqui
583 959 669 1007 vero
691 961 767 1018 cum
790 936 984 1010 caritatibus
1002 938 1120 1014 suis&
1132 941 1191 1012 su-

225 1043 416 1142 pelleslile‚
437 1043 638 1116 humaniore
653 1044 748 1116 cultu
760 1045 804 1118 ‘ad
824 1046 998 1142 Syriacam
1014 1049 1190 1123 civitatem
1305 1097 1308 1103 ·

222 1154 385 1252 Chalcida
402 1153 576 1226 transmissi
597 1151 683 1226 sunt.
707 1155 881 1227 internos
899 1156 996 1230 miles
1022 1159 1188 1254 quidam,

222 1291 301 1340 cum
326 1265 552 1338 Maximianus
572 1263 771 1362 perrupisset
784 1267 957 1362 quondam
977 1269 1127 1342 Perseos
1148 1270 1188 1340 si·
1256 1322 1259 1327 -

168 1407 172 1414 ·
221 1398 302 1464 nes,
315 1372 351 1446 in
365 1372 415 1444 lris
426 1373 515 1444 locis
529 1396 619 1469 ¹aeger
635 1371 767 1444 relidlus
779 1426 790 1461 ,
804 1371 912 1468 prima
933 1373 1121 1448 etiamtum
1135 1376 1188 1448 la·

220 1486 348 1584 nugine
368 1484 528 1582 juvenis,
550 1504 588 1555 ut
612 1481 748 1576 ajebat,
768 1509 891 1556 uxores
916 1483 1052 1556 sortitus
1076 1487 1186 1584 gentis

203 1677 207 1692 f
223 1600 291 1674 ritu
309 1595 503 1692 complures
516 1649 527 1682 ‚
540 1599 542 1602 ’
553 1619 627 1664 cum
645 1593 824 1664 numerosa
846 1593 963 1673 sobole
979 1613 1061 1668 tunc
1084 1595 1188 1670 senex

221 1705 408 1791 incurvus,
422 1700 588 1772 exsultans
610 1697 883 1797 proditionisque
903 1701 1020 1773 auslor
1038 1702 1186 1775 duceba-
1230 1743 1233 1751 ·

64 1799 85 1890 ιᾸ
117 1870 119 1874 ι
221 1833 280 1888 tur
307 1812 350 1886 ad
374 1806 510 1896 nostra,
533 1807 668 1880 testibus
689 1808 882 1894 affirmans,
901 1812 940 1883 &
962 1810 1124 1906 praesciffe
1152 1813 1208 1887 se'

221 1903 330 2005 olim,
355 1919 392 1990 &
414 1914 627 2011 praedixisle,
646 1916 745 2014 quod
762 1918 956 1988 centenario
977 1918 1045 2013 jam
1070 1923 1185 1993 comi·

221 2054 304 2130 guus
329 2025 541 2122 sepelietur
532 2051 568 2095 m
592 2025 667 2096 solo
689 2022 859 2098 Romano,
885 2027 962 2098 Post
987 2055 1063 2127 quae
1085 2033 1185 2104 Sara·

220 2141 298 2216 ceni
312 2134 737 2233 procursatoresquosdam
757 2137 861 2230 partis
880 2137 1026 2210 hostium
1051 2141 1184 2212 obtule·

220 2275 258 2322 re
279 2243 444 2319 laetiffimo
458 2244 626 2338 principi,
643 2247 681 2318 &
699 2245 864 2317 munerati
885 2247 928 2318 ad
941 2250 1069 2344 agenda
1092 2251 1183 2320 simi·
1247 2325 1250 2330 ,

219 2361 265 2432 lia
291 2349 368 2429 sunt
395 2344 526 2426 remiffi.
553 2353 730 2426 Acciderat
753 2353 846 2428 aliud
874 2356 1034 2450 postridie
1059 2359 1183 2446 diuum.

216 2473 413 2542 'Ventorum
431 2462 521 2536 enim
537 2465 647 2536 ¹turbo
667 2487 827 2550 exortus,
843 2461 1021 2562 pluresque
1043 2468 1184 2566 vertigi-

219 2605 279 2653 nes
303 2578 505 2670 concitans‚
525 2573 574 2647 'ita
591 2574 793 2649 confuderat
815 2577 931 2648 omnia
952 2579 1059 2665 teda,
1078 2603 1116 2649 ut
1132 2599 1182 2652 ta·

215 2689 394 2764 bernacula
415 2685 519 2758 multa
546 2685 921 2771 conscinderentur‚&
941 2681 1050 2778 supini
1076 2686 1182 2779 pleri·

218 2821 285 2894 que
306 2792 428 2865 milites
449 2792 673 2862 sternerentur
688 2791 746 2862 vel
764 2790 889 2887 proni,
910 2790 1027 2885 spiritu
1054 2792 1182 2864 stabili-

216 3017 308 3090 aliud
328 3013 555 3111 periculosum
579 3011 706 3087 evenit.
728 3015 838 3083 Amne
853 3011 946 3082 eninr
962 3029 1100 3108 repente
1118 3039 1180 3086 ex·

144 3118 153 3132 ’
214 3149 267 3202 tra
294 3125 466 3222 margines
490 3140 660 3220 evagato,
681 3121 796 3193 mersae
824 3119 899 3192 sunt
926 3124 1078 3216 quaedam
1108 3111 1230 3194 frul-

105 3270 109 3278 ·
213 3243 389 3310 mentarrae
403 3257 527 3323 naves
544 3250 634 3321 catat
635 3231 714 3304 aslis
734 3232 882 3320 avulsis,
897 3231 938 3302 ad
953 3228 1210 3315 defundendas

216 3324 510 3442 reprimendasque
540 3367 642 3439 aquas
668 3341 776 3439 rigare
807 3341 914 3412 suetas
933 3365 1049 3437 opere
1078 3323 1226 3418 saxets

216 3455 372 3530 strudis.
392 3456 486 3552 quod
509 3473 622 3526 utrum
646 3478 706 3549 per
721 3453 854 3524 msrdras
861 3506 874 3540 ‚
891 3476 934 3523 an
947 3439 1180 3549 magnitudine

215 3567 373 3645 acciderit
395 3565 631 3654 fluentorum,
649 3565 727 3638 sciri
748 3564 970 3660 nonpotuit.
998 3563 1078 3635 Post
1099 3590 1177 3660 per-

214 3697 348 3778 ruptam
367 3675 602 3775 incensamque
622 3675 743 3752 urbem
765 3674 921 3764 omnium
944 3672 1113 3773 primam,
1135 3675 1176 3748 &

1276 715 1293 752 l

84 2935 86 2942 ’
173 2896 319 2978 'tarem
341 2895 471 3000 vestigii
493 2901 720 2975 subvertente.
744 2903 819 2974 Nec
841 2900 953 2973 minus
978 2901 1100 2972 eodem
1124 2902 1180 2977 die
1284 2978 1287 2987 ,
