2775 4284
225 180 297 255 280
383 178 640 273 nuurnut
672 176 1036 251 unncnuttut

225 338 330 435 dique
343 351 492 410 mortem
506 324 700 438 vibrantia,
717 335 878 410 destinata
896 337 1114 423 cadebant&
1130 344 1215 413 no?
1223 312 1227 321 Δ

148 514 157 540 ,
225 447 415 546 xia,quod
428 472 492 521 nec
504 446 687 545 praevideri
700 464 880 544 poterant,
893 471 957 521 nec
970 448 1101 530 caveri,
1125 454 1212 522 Ve-

216 583 302 658 (rum
320 557 381 630 ubi
398 556 491 629 effusi
505 555 676 629 immeufis
691 556 882 655 agminibus
894 557 1026 629 barbari
1046 557 1212 652 jumenta

226 668 455 742 conterebant
467 667 643 754 &·viros,
660 670 700 741 δι
721 693 830 767 neque
850 669 894 741 ad
912 687 1086 766 receptum
1108 694 1212 744 con-

228 776 325 853 sertis
352 778 531 853 ordinibus
555 778 665 853 laxari
686 777 828 876 usquam
855 796 990 875 poterat
1016 778 1137 870 locus,
1161 782 1214 853 ὅτ

229 889 398 964 evadendi
412 891 550 988 coplam
564 890 771 987 constipatio
785 889 921 962 densior
932 889 1100 963 adimebat
1113 918 1122 963 ε
1136 914 1205 961 no·
1247 958 1253 967 .

229 1000 288 1075 slri
308 1024 451 1100 qumque
473 1000 598 1074 ultimo
623 1000 767 1076 cadendi
783 1018 963 1074 contemtu
984 998 1207 1091 occursantes

229 1111 379 1209 receptis
399 1110 519 1211 gladiis
539 1111 811 1200 obtruncabant,
828 1113 868 1185 δι
886 1111 1013 1185 mutuis
1033 1110 1204 1183 securium

231 1220 353 1295 idibus
372 1221 477 1318 galeae
499 1220 798 1319 perfringebantur
821 1238 922 1317 atque
940 1219 1068 1294 loricae.
1093 1218 1206 1290 Vrde-

77 1411 82 1417 ,
232 1354 339 1428 reque
361 1329 484 1403 licebat
508 1328 634 1403 celsum
650 1327 780 1403 ferocia
802 1329 999 1418 barbarum,
1012 1327 1106 1425 genis
1127 1324 1206 1397 stri-

234 1442 321 1515 dore
340 1439 551 1529 conslridis,
570 1440 704 1516 succiso
727 1438 860 1537 poplite
882 1434 943 1512 adt
966 1437 1091 1513 abscisa
1112 1436 1208 1511 ferro

235 1550 395 1641 dextera,
405 1549 464 1622 vel
473 1547 634 1622 confosso
647 1547 769 1635 latere,
779 1546 868 1619 inter
881 1545 951 1643 ipsa
964 1571 1102 1644 quoque
1113 1571 1209 1619 mor·

234 1661 281 1735 tis
300 1657 452 1735 confinia
472 1658 651 1732 minaciter
672 1655 967 1730 circumferentem
987 1656 1113 1730 oculos
1132 1679 1209 1727 rru-
1348 1656 1349 1703 3

237 1796 318 1845 ces:
342 1767 508 1866 ruinaque
528 1766 791 1866 confligentium
813 1782 930 1839 mutua
949 1792 988 1840 ac
1005 1766 1112 1839 humo
1126 1781 1211 1841 cori

237 1878 382 1977 poribus
410 1877 541 1968 stratis,
565 1876 676 1974 campi
703 1874 863 1973 peremtis
887 1874 1019 1971 impleti
1044 1874 1145 1949 sunt:
1168 1877 1210 1948 &
1348 1872 1349 1949 ζ

238 1987 460 2063 morientium
472 1988 617 2087 gemitus
630 1984 877 2085 profundisque
887 1984 1089 2063 vulneribus
1102 2002 1212 2077 trans·
1348 2010 1349 2075 ξ

238 2098 391 2172 fixorum
414 2124 494 2173 cum
513 2098 641 2170 timore
665 2097 889 2170 audiebannrr
911 2096 1052 2194 ingenti.
1077 2098 1117 2167 ln
1140 2096 1212 2167 hoc

241 2224 342 2279 tanto
362 2222 502 2302 tamque
520 2204 672 2280 confusae
685 2205 736 2276 rei
753 2206 903 2277 tumultu
920 2202 1074 2280 exhausti
1092 2203 1210 2276 labore
1348 2212 1349 2219 ’

242 2318 284 2389 &
302 2313 462 2412 periculis
481 2313 634 2410 pedites,
648 2338 728 2387 cum
750 2314 910 2411 deinceps
931 2340 1042 2413 neque
1061 2314 1151 2389 vires
1166 2311 1208 2384 il·

243 2421 308 2513 lis,
319 2426 431 2521 nequ'e
443 2442 575 2496 mentes
589 2421 805 2519 suppeterent
824 2424 867 2497 ad
880 2423 1060 2498 confilium
1070 2426 1090 2514 ,'
1100 2420 1213 2495 diffra-

245 2531 306 2605 slis
333 2530 502 2605 hastarum
528 2531 697 2630 plerisque
722 2532 902 2607 collisione
924 2534 1073 2626 affidua,
1097 2530 1214 2631 gladiis

246 2644 404 2719 contenti
417 2643 580 2734 destrislis
594 2643 631 2715 in
645 2642 811 2717 corsertas
824 2644 972 2719 bostium
986 2662 1113 2717 turmas
1128 2667 1213 2717 mer·

246 2756 371 2853 gebant
405 2752 459 2843 se,
488 2752 602 2826 salutis
624 2752 870 2842 immemores,
904 2750 1213 2851 circumspeclantes

248 2861 422 2933 ademtum
441 2858 506 2931 effe
527 2883 632 2931 omne
653 2858 823 2932 evadendi
841 2857 1047 2957 suffragium.
1073 2854 1117 2932 Et
1138 2856 1214 2954 quia

177 3000 181 3007 ·
248 2970 374 3050 humus
390 2968 474 3041 rivis
493 2987 615 3067 operta
635 2967 823 3067 sanguineis
843 2970 966 3068 gressus
983 2968 1101 3044 labiles
1121 2992 1213 3041 ever·

249 3078 365 3167 rebat,
379 3078 592 3153 conabantur
605 3079 719 3152 modis
731 3078 892 3152 omnibus
905 3078 1012 3156 vitam
1023 3077 1212 3176 impendere

201 3203 204 3211 '
250 3214 324 3265 non
345 3188 618 3269 inultamradeo
637 3215 766 3288 magno
789 3189 982 3263 animorum
1003 3190 1134 3263 robore
1154 3211 1215 3283 op·

250 3301 354 3400 posrti
375 3301 653 3375 incumbentibus
659 3355 673 3391 ,
695 3318 734 3375 ut
754 3301 855 3376 etiam
876 3302 952 3374 telis
975 3302 1113 3399 quidam
1135 3322 1213 3397 pro·
1348 3306 1349 3319 ¹

250 3410 335 3509 priis
356 3410 546 3484 interirent.
567 3414 652 3495 Atra
676 3409 824 3510 denique
848 3410 981 3485 cruoris
1004 3409 1088 3484 facie
1103 3406 1214 3482 omnia

250 3522 502 3615 conturbante,
515 3524 573 3617 δι,
594 3546 804 3623 quocunque
823 3522 857 3597 se
876 3520 1080 3598 inflexerant
1103 3518 1214 3612 oculi,
