2775 4284
190 369 193 378 .
232 301 446 376 ‘auumtu
472 284 758 379 uinceretur
784 301 862 388 tta.
887 300 1006 378 xxx.
1048 310 1133 378 m:
1243 268 1258 288 ²
1374 294 1375 317 ¹

152 459 265 538 dirum
278 465 313 537 in
322 465 471 538 Oriente
491 463 720 538 committitur
734 460 889 554 lacinus,
906 467 990 538 Para
1001 450 1126 539 dime-

153 573 291 688 niorum
306 601 383 673 rege
403 573 618 649 clandestinis
634 570 763 646 insidiis
786 574 994 655 obtruncato
1006 569 1017 648 ι’
1030 574 1129 673 cujus

154 685 304 760 materiae
326 685 436 783 impio
461 701 638 782 conceptae
657 684 802 758 consilio
821 685 910 759 banc
923 687 1131 783 primordia·
1221 736 1225 745 ι

43 817 50 826 ·
154 798 223 871 lem
237 795 332 870 fuisse
346 794 509 870 novimus
523 796 669 871 causam.
681 795 976 874 Consarcinabant
988 798 1025 869 in
1039 797 1137 871 hunc

155 908 327 981 etiamtum
342 907 492 980 adultum
511 907 654 980 crimina
670 906 826 1006 quaedam
847 909 937 1003 apud
952 908 1132 1005 Valentem

155 1035 395 1124 exaggerantes
409 1021 497 1095 male
510 1020 663 1094 sollertes
678 1019 857 1113 homines,
869 1021 1051 1118 dispendiis
1068 1021 1137 1094 saei

156 1157 201 1230 pe
226 1132 465 1205 communibus
491 1129 589 1228 pasti.
614 1132 707 1205 Inter
733 1154 823 1228 quos
847 1148 922 1204 erat
946 1130 1132 1206 Terentius
1243 1169 1248 1180 ·

85 1310 89 1318 .
158 1243 247 1331 dux,
260 1239 394 1315 demisse
405 1240 598 1330 ambulans,
609 1241 807 1338 semperque
822 1239 1043 1328 submoeslus,
1056 1240 1132 1331 sed,

157 1353 274 1450 quoad
298 1353 453 1439 vixerat,
474 1375 552 1424 acer
576 1349 819 1425 dissentionum
845 1351 1036 1426 instinslor.
1062 1352 1138 1444 Qui

158 1459 270 1533 ascitis
291 1459 327 1530 in
352 1458 546 1532 societatem
573 1457 759 1555 gentilibus
784 1461 917 1555 paucis,
939 1462 987 1532 ob
1008 1459 1140 1556 flagitia·

160 1569 221 1644 sua
245 1569 404 1666 suspensis
428 1569 462 1642 in
485 1588 643 1673 (metum,
665 1569 844 1646 scribendo
870 1571 913 1643 ad
933 1570 1139 1644 comitatum

160 1677 286 1753 assidue
310 1667 453 1779 Cylacis
476 1703 594 1752 necem
622 1679 808 1777 replicabat
833 1682 872 1752 &
895 1678 1136 1752 Artabannist

162 1789 300 1878 addens,
315 1790 458 1860 eundem
474 1785 637 1882 juvenem
654 1778 981 1884 adsuperbosattus
993 1783 1135 1878 elatum,

54 1965 57 1984 ,
163 1895 264 1969 nimis
278 1895 342 1968 esse
361 1893 396 1966 in
415 1893 580 1990 subjeslos
600 1894 787 1977 immanem
814 1896 915 1969 Unde
929 1895 1021 1993 quast
1040 1895 1138 1969 futu·

165 2031 222 2080 rus
236 2007 403 2103 particeps
418 2003 620 2102 suscipiendi
634 2025 717 2079 tunc
731 2031 797 2105 pro
812 2005 1007 2080 instantium
1024 2011 1140 2080 rerunt
1165 2021 1168 2029 '

165 2115 299 2190 ratione
319 2112 497 2206 uadatus,
521 2115 610 2192 idem
632 2117 714 2190 Para
733 2116 891 2216 regaliter
911 2138 1078 2210 vocatus,
1098 2120 1139 2194 dc
1201 2164 1202 2169 κ
1255 2210 1264 2222 ·

139 2261 141 2266 ·
166 2227 255 2322 apud
275 2225 416 2299 Tarsum
432 2213 564 2300 Cilicia
587 2225 834 2328 obsequiorum
853 2227 965 2325 specie
985 2229 1141 2305 custodia
1180 2270 1182 2277 ·

167 2355 243 2428 tus,
264 2363 343 2411 cum
367 2363 477 2436 neque
499 2339 541 2412 ad
561 2337 778 2435 imperatoris
797 2339 901 2413 callra
924 2337 1056 2436 accipi,
1075 2363 1140 2428 nec

166 2445 319 2543 urgentis
338 2439 506 2517 adventus
521 2445 652 2518 causam
667 2445 751 2518 scire
771 2447 900 2520 cunslis
916 2445 1142 2522 reticentibus
1166 2446 1174 2456 ⁴
1220 2471 1223 2481 ’

168 2557 296 2658 possen
310 2556 455 2658 tandem*
468 2555 648 2630 secretiore
663 2555 794 2631 indicio
811 2557 1003 2653 comperit,
1021 2585 1081 2655 per
1095 2544 1147 2632 ti-'

169 2678 259 2742 teras
282 2665 444 2741 Romano
465 2665 587 2740 rectori
611 2665 748 2744 suadere
765 2666 989 2761 Terentium,
1005 2666 1142 2747 mittere

170 2778 371 2878 propediem
384 2777 525 2866 alterum
542 2778 712 2851 Armeniae
723 2801 837 2878 regem
850 2803 859 2850 t
872 2803 916 2852 ne
929 2778 1015 2855 odio
1030 2779 1142 2876 Parae,

169 2889 308 2988 speque,
325 2886 422 2987 quod
436 2905 639 2979 revertetur,
652 2886 747 2960 natio
760 2886 862 2960 nobis
875 2909 1071 2986 opportuna
1083 2893 1144 2968 de·

170 2997 288 3072 ficeret
306 2998 347 3070 ad
369 2994 443 3091 juta
468 2976 750 3088 Persarum,eam
772 3016 891 3093 rapere
912 2999 951 3073 vi
966 2999 1028 3080 uel
1050 2997 1144 3078 metu
1173 3065 1174 3070 ,

171 3107 231 3180 vel
245 3106 444 3179 adulatione
462 3104 687 3204 flagrantium.
709 3109 799 3200 Quae
814 3127 971 3204 reputans
984 3109 1062 3200 ille,
1073 3108 1146 3185 tma'

174 3218 322 3314 pendere
334 3215 395 3287 fibi
414 3215 629 3314 praesagiebat
644 3215 786 3290 exitium
802 3208 919 3315 grave.
938 3220 978 3293 Et
992 3216 1063 3294 doli
1076 3214 1147 3316 jam

173 3322 333 3422 prudens,
347 3345 457 3418 neque
472 3323 585 3414 aliam,
597 3321 658 3394 nist
672 3321 743 3424 cito
760 3323 913 3414 discessu,
924 3322 1035 3401 salutis
1051 3326 1155 3426 rep'essl
1243 3380 1245 3385 -

173 3434 266 3508 tiens
277 3434 389 3518 viam,
402 3429 616 3507 suadentibus
631 3436 699 3525 his,
714 3435 837 3534 quibus
850 3433 985 3525 fidebat,
1000 3442 1147 3540 conglo-

173 3543 262 3620 batis
279 3542 438 3614 trecentis
454 3543 638 3618 comitibus
658 3545 779 3618 secutis
793 3571 870 3620 eum
885 3572 904 3620 e
919 3549 1044 3645 patria,
1065 3577 1148 3624 cum
1178 3605 1196 3629 ,-

176 3653 271 3744 equis
285 3650 506 3726 velociffimis
515 3709 527 3743 ,
544 3674 581 3726 ut
595 3655 630 3725 in
647 3648 774 3754 magnis
788 3655 873 3729 solet
888 3657 1064 3756 dubiisque
1078 3679 1149 3732 ter·
1258 3699 1262 3715 ι

172 3765 487 3861 roribus,audauer
497 3764 616 3864 magis,
629 3763 1145 3870 quam-considerate,pleraque

865 3882 947 3955 Oa
