2775 4284
309 251 475 340 amun
499 228 755 360 cesennun
774 252 854 326 nra.
871 252 997 326 xxx.
1040 311 1043 316 .
1067 275 1136 352 237

154 416 266 496 Tolle
276 410 433 509 ,inquit‚
447 417 528 502 lec,
541 385 763 486 adcomitum
776 413 944 511 quendam
958 439 1067 512 prope
1078 416 1140 487 ad·
1142 457 1148 466 -

145 521 355 647 βεηζεῐη,
344 549 426 594 vere
451 527 526 621 quia
554 525 765 626 Themistocles
787 551 854 596 noo
880 551 940 600 es:
960 520 1140 620 quodlibet

159 629 355 727 spernens
346 657 382 703 rn
404 631 489 706 duce
504 631 722 728 magnanimo
740 633 881 712 lucrum'.
903 633 1011 728 Hujus
1024 658 1140 706 exem-

159 743 225 840 pla
244 741 467 818 continentiae
482 739 602 826 srmilia
617 741 813 837 plurimam
827 743 991 818 Romanis
1001 745 1139 838 exube-
1189 737 1193 744 ’
1260 723 1265 732 ’

160 872 252 935 rant
277 852 440 926 ducibus:
463 852 585 951 quibus
611 851 757 942 omissis,
777 845 940 950 quoniam
965 879 1038 926 non
1063 853 1141 928 sunt

159 961 329 1064 perfeslae
347 962 482 1036 virtutis
500 961 645 1057 indicia,
666 960 754 1060 (nec
770 961 860 1034 enim
875 963 984 1036 aliena
998 987 1071 1035 non
1083 989 1140 1035 ra-

161 1097 254 1170 pere
268 1071 375 1144 laudis
388 1071 461 1170 est)
481 1096 586 1146 unum
603 1096 646 1144 ex
660 1069 776 1144 multis
794 1070 952 1145 constans
969 1072 1140 1143 innocen·
1162 1117 1168 1136 .

164 1177 229 1254 tiae
251 1179 346 1277 vrr‘lgi
374 1179 499 1254 veteris
525 1177 693 1276 specimen
718 1205 854 1278 ponam.
875 1181 965 1251 Cum
991 1177 1165 1276 proscri·.

162 1311 312 1393 prorum
332 1277 518 1386 locupletes
534 1289 655 1362 domus
669 1289 874 1386 diripiendas
888 1291 1054 1363 Romanae
1059 1288 1139 1414 ple·

163 1399 205 1473 bi
232 1397 360 1471 Marius
389 1397 587 1470 dedisset&
611 1398 745 1488 Cinna,
769 1398 866 1495 vulgi
890 1400 989 1471 rudes
1012 1399 1141 1491 animi,

166 1507 229 1579 sed
252 1507 398 1578 humana
413 1504 504 1580 soliti
524 1505 724 1617 respeslare
742 1506 859 1579 alienis
881 1508 1055 1580 laboribus
1079 1533 1141 1602 pe-

149 1631 375 1710 peremunt:
391 1630 429 1684 ut
436 1605 560 1685 nullus
576 1639 675 1711 egens
689 1616 891 1710 reperiretur
910 1635 967 1688 aur
981 1614 1117 1687 infimus
1125 1671 1140 1706 ,

168 1722 233 1820 qui
259 1723 301 1794 de
325 1723 424 1798 civili
447 1724 540 1796 luen
564 1724 708 1798 frudum
736 1727 945 1798 contreslare
971 1743 1141 1820 pateretur

168 1833 235 1906 fibi
254 1835 458 1909 concessum.
482 1836 612 1908 Invidia
632 1854 755 1930 praeter
772 1836 846 1909 haec
866 1837 1050 1909 antedislus
1066 1862 1141 1911 me·
1208 1829 1219 1841 ’

116 1977 119 1984 ’
170 1941 312 2014 dullitus
323 1942 484 2016 urebatur
495 1969 504 2013 :
515 1944 555 2015 δι
569 1941 689 2029 sciens,
705 1941 864 2038 pleraque
875 1941 1046 2012 vitiorum
1059 1941 1147 2013 imi«.

171 2049 238 2124 tari
259 2049 367 2124 solere
385 2051 553 2141 virtutes,
577 2050 787 2124 memorabat
808 2049 953 2138 affidue,
975 2048 1141 2131 severita-

67 2243 71 2250 ,
172 2175 248 2236 tem*
263 2163 361 2234 reuae
375 2160 547 2257 potestatis
563 2160 627 2232 esse
643 2159 858 2232 individuam
873 2157 1008 2232 sociam.
1023 2161 1140 2255 thue

173 2271 250 2344 sunt
274 2270 475 2369 dignitatum
501 2270 613 2367 apices
640 2267 780 2341 maximi
806 2267 909 2340 licere
935 2267 996 2340 srbi
1020 2269 1143 2366 cunsla

172 2371 420 2470 existimantes,
433 2383 471 2452 &
487 2381 530 2452 ad
544 2378 800 2472 supplicandum
809 2378 1008 2455 'contrarios
1019 2396 1139 2450 extur-
1240 2417 1271 2438 >-

129 2571 135 2586 ἱ
172 2488 371 2583 bandosque
385 2487 543 2557 meliores
556 2482 696 2580 pronius
711 2483 864 2556 inclinati
873 2538 885 2572 ‚
896 2485 986 2572 bene
998 2487 1139 2560 vestitos

174 2597 315 2686 oderat,
333 2597 371 2668 &
390 2594 562 2684 eruditos,
590 2596 627 2668 δι
651 2593 910 2688 opulentum&
929 2595 1085 2668 nobiles:
1100 2599 1139 2671 ὃ(
1184 2678 1195 2699 ,

168 2703 320 2776 sortibus
340 2701 557 2819 detrahebat,
571 2724 608 2773 ur
630 2699 721 2774 solus
739 2694 914 2773 videretur
936 2702 1037 2774 bonis
1058 2703 1141 2780 arti·

173 2815 237 2888 bus
257 2777 433 2887 eminere:
422 2835 521 2908 quo
547 2811 637 2885 virio
660 2808 811 2882 exarsisse
834 2809 1027 2907 Principem
1052 2811 1139 2908 legi-

172 2947 247 2996 mus
265 2921 485 3004 Hadrianum.
501 2921 671 3018 Arguebat
691 2919 746 2991 hic
760 2919 848 2991 idem
865 2921 1026 3015 Princeps
1046 2921 1141 2992 timi·

175 3035 238 3106 dos
258 3031 396 3130 saepius,
413 3030 605 3104 maculosos
622 3027 705 3104 tales
719 3028 891 3123 appellans
905 3030 943 3100 &
964 3028 1139 3118 sordidos,

173 3144 240 3218 &
232 3162 318 3216 intra
340 3146 464 3218 sortem
486 3140 648 3214 humilem
668 3140 917 3212 amandandos:
930 3140 972 3212 ad
992 3164 1139 3235 pavores
1198 3156 1200 3161 '
1225 3162 1230 3182 ¹

123 3247 126 3256 ’
174 3253 290 3326 irritos
308 3253 491 3351 aliquoties
515 3249 673 3346 abjeslius
693 3233 839 3345 pallens,
866 3249 924 3337 δι,
944 3249 1039 3345 quod
1059 3249 1139 3320 nus·
1143 3259 1150 3290 ¹

174 3391 277 3464 quam
297 3387 384 3457 erat,
409 3367 476 3440 ima
496 3382 609 3438 mente
636 3361 834 3436 formidans
863 3362 951 3454 Quo
966 3360 1144 3456 intelleslo

174 3473 328 3571 magister
349 3474 544 3547 officiorum
570 3471 762 3568 Remigius,
784 3495 862 3544 cum
885 3494 964 3542 eum
984 3495 1027 3543 ex
1049 3469 1139 3547 inei·

175 3582 361 3656 dentibus
353 3609 400 3656 rra
419 3583 554 3656 fervere
573 3580 729 3670 sentiret,
748 3578 822 3652 sieri
843 3597 959 3652 motus
977 3560 1140 3676 quosdam
1252 3649 1256 3654 .

175 3691 387 3788 barbaricos
379 3715 467 3770 mter
479 3691 543 3768 alra
558 3689 769 3765 subserebat:
784 3691 922 3787 hocque
935 3687 990 3760 rlle
1001 3686 1141 3779 audate,
