<?xml version="1.0" encoding="UTF-8"?>
<!DOCTYPE html PUBLIC "-//W3C//DTD XHTML 1.0 Transitional//EN"
    "http://www.w3.org/TR/xhtml1/DTD/xhtml1-transitional.dtd">
<html xmlns="http://www.w3.org/1999/xhtml" xml:lang="en" lang="en">
 <head>
  <title>
</title>
<meta http-equiv="Content-Type" content="text/html;charset=utf-8" />
  <meta name='ocr-system' content='tesseract 3.04.00' />
  <meta name='ocr-capabilities' content='ocr_page ocr_carea ocr_par ocr_line ocrx_word'/>
</head>
<body>
  <div class='ocr_page' id='page_1' title='image "ammianimarcelli00ernegoog_0175.png"; bbox 0 0 2775 4284; ppageno 0'>
   <div class='ocr_carea' id='block_1_1' title="bbox 249 261 1072 359">
    <p class='ocr_par' dir='ltr' id='par_1_1' title="bbox 249 261 1072 359">
     <span class='ocr_line' id='line_1_1' title="bbox 249 261 1072 359; baseline -0.007 -17"><span class='ocrx_word' id='word_1_1' title='bbox 249 289 318 359; x_wconf 83' lang='lat'>¹74</span> <span class='ocrx_word' id='word_1_2' title='bbox 390 263 662 338; x_wconf 75' lang='lat' dir='ltr'>ruuttut</span> <span class='ocrx_word' id='word_1_3' title='bbox 695 261 1072 337; x_wconf 66' lang='lat' dir='ltr'>uincebatur</span> 
     </span>
    </p>
   </div>
   <div class='ocr_carea' id='block_1_2' title="bbox 140 413 1224 1402">
    <p class='ocr_par' dir='ltr' id='par_1_2' title="bbox 140 413 1224 1402">
     <span class='ocr_line' id='line_1_2' title="bbox 244 413 1224 527; baseline 0.003 -30"><span class='ocrx_word' id='word_1_4' title='bbox 244 421 363 524; x_wconf 85' lang='lat' dir='ltr'>lingit:</span> <span class='ocrx_word' id='word_1_5' title='bbox 386 450 458 499; x_wconf 91' lang='lat' dir='ltr'>non</span> <span class='ocrx_word' id='word_1_6' title='bbox 472 424 673 515; x_wconf 85' lang='lat' dir='ltr'>abnuimus,</span> <span class='ocrx_word' id='word_1_7' title='bbox 690 429 826 524; x_wconf 87' lang='lat' dir='ltr'>(neque</span> <span class='ocrx_word' id='word_1_8' title='bbox 838 413 1150 527; x_wconf 54' lang='lat' dir='ltr'>enimssambigitur)</span> <span class='ocrx_word' id='word_1_9' title='bbox 1164 421 1224 501; x_wconf 64' lang='lat' dir='ltr'>sai</span> 
     </span>
     <span class='ocr_line' id='line_1_3' title="bbox 144 532 1221 634; baseline 0.002 -26"><span class='ocrx_word' id='word_1_10' title='bbox 144 532 148 542; x_wconf 77' lang='grc'>’</span> <span class='ocrx_word' id='word_1_11' title='bbox 243 532 353 608; x_wconf 89' lang='lat' dir='ltr'>lutem</span> <span class='ocrx_word' id='word_1_12' title='bbox 377 535 587 618; x_wconf 84' lang='lat' dir='ltr'>Valentis&amp;</span> <span class='ocrx_word' id='word_1_13' title='bbox 611 555 710 610; x_wconf 83' lang='lat' dir='ltr'>antea</span> <span class='ocrx_word' id='word_1_14' title='bbox 735 535 855 634; x_wconf 75' lang='lat' dir='ltr'>sapius</span> <span class='ocrx_word' id='word_1_15' title='bbox 874 561 936 633; x_wconf 91' lang='lat' dir='ltr'>per</span> <span class='ocrx_word' id='word_1_16' title='bbox 960 535 1113 610; x_wconf 87' lang='lat' dir='ltr'>occultas</span> <span class='ocrx_word' id='word_1_17' title='bbox 1137 535 1221 611; x_wconf 90' lang='lat' dir='ltr'>coi·</span> 
     </span>
     <span class='ocr_line' id='line_1_4' title="bbox 244 642 1221 741; baseline 0.002 -25"><span class='ocrx_word' id='word_1_18' title='bbox 244 642 379 734; x_wconf 75' lang='lat' dir='ltr'>tiones¹</span> <span class='ocrx_word' id='word_1_19' title='bbox 400 646 440 719; x_wconf 78' lang='lat' dir='ltr'>dt</span> <span class='ocrx_word' id='word_1_20' title='bbox 460 662 542 719; x_wconf 91' lang='lat' dir='ltr'>tunc</span> <span class='ocrx_word' id='word_1_21' title='bbox 562 644 598 718; x_wconf 89' lang='lat' dir='ltr'>in</span> <span class='ocrx_word' id='word_1_22' title='bbox 617 662 771 720; x_wconf 82' lang='lat' dir='ltr'>extrema</span> <span class='ocrx_word' id='word_1_23' title='bbox 794 644 1000 719; x_wconf 82' lang='lat' dir='ltr'>demersam:</span> <span class='ocrx_word' id='word_1_24' title='bbox 1022 643 1221 741; x_wconf 87' lang='lat' dir='ltr'>ferrumque</span> 
     </span>
     <span class='ocr_line' id='line_1_5' title="bbox 140 752 1222 855; baseline -0.002 -27"><span class='ocrx_word' id='word_1_25' title='bbox 140 841 142 855; x_wconf 40' lang='grc'><strong>,</strong></span> <span class='ocrx_word' id='word_1_26' title='bbox 244 758 287 828; x_wconf 85' lang='lat' dir='ltr'>ad</span> <span class='ocrx_word' id='word_1_27' title='bbox 308 754 460 852; x_wconf 80' lang='lat' dir='ltr'>jugulum</span> <span class='ocrx_word' id='word_1_28' title='bbox 479 752 553 850; x_wconf 88' lang='lat' dir='ltr'>ejus</span> <span class='ocrx_word' id='word_1_29' title='bbox 572 779 681 852; x_wconf 83' lang='lat' dir='ltr'>prope</span> <span class='ocrx_word' id='word_1_30' title='bbox 706 757 858 830; x_wconf 75' lang='lat' dir='ltr'>adadutn</span> <span class='ocrx_word' id='word_1_31' title='bbox 873 752 1222 842; x_wconf 84' lang='lat' dir='ltr'>amilitaribus,sato</span> 
     </span>
     <span class='ocr_line' id='line_1_6' title="bbox 242 863 1217 965; baseline 0.002 -25"><span class='ocrx_word' id='word_1_32' title='bbox 242 863 436 940; x_wconf 73' lang='lat' dir='ltr'>reflectente</span> <span class='ocrx_word' id='word_1_33' title='bbox 458 865 653 964; x_wconf 86' lang='lat' dir='ltr'>depulsum,</span> <span class='ocrx_word' id='word_1_34' title='bbox 674 893 777 965; x_wconf 90' lang='lat' dir='ltr'>quem</span> <span class='ocrx_word' id='word_1_35' title='bbox 799 865 983 942; x_wconf 73' lang='lat' dir='ltr'>lacrimose</span> <span class='ocrx_word' id='word_1_36' title='bbox 1005 864 1043 940; x_wconf 87' lang='lat' dir='ltr'>in</span> <span class='ocrx_word' id='word_1_37' title='bbox 1066 864 1217 942; x_wconf 79' lang='lat' dir='ltr'>Thracia</span> 
     </span>
     <span class='ocr_line' id='line_1_7' title="bbox 242 971 1218 1073; baseline 0.004 -27"><span class='ocrx_word' id='word_1_38' title='bbox 242 971 495 1048; x_wconf 87' lang='lat' dir='ltr'>discriminibus</span> <span class='ocrx_word' id='word_1_39' title='bbox 518 974 710 1050; x_wconf 83' lang='lat' dir='ltr'>destinarat.</span> <span class='ocrx_word' id='word_1_40' title='bbox 731 978 889 1073; x_wconf 85' lang='lat' dir='ltr'>Namque</span> <span class='ocrx_word' id='word_1_41' title='bbox 912 978 950 1049; x_wconf 80' lang='grc' dir='ltr'>δι</span> <span class='ocrx_word' id='word_1_42' title='bbox 967 976 1003 1048; x_wconf 91' lang='lat' dir='ltr'>in</span> <span class='ocrx_word' id='word_1_43' title='bbox 1028 976 1218 1052; x_wconf 87' lang='lat' dir='ltr'>nemoroso</span> 
     </span>
     <span class='ocr_line' id='line_1_8' title="bbox 244 1079 1216 1178; baseline 0.005 -25"><span class='ocrx_word' id='word_1_44' title='bbox 244 1081 395 1178; x_wconf 89' lang='lat' dir='ltr'>quodam</span> <span class='ocrx_word' id='word_1_45' title='bbox 418 1079 506 1156; x_wconf 88' lang='lat' dir='ltr'>inter</span> <span class='ocrx_word' id='word_1_46' title='bbox 530 1083 752 1160; x_wconf 78' lang='lat' dir='ltr'>Antiochiam</span> <span class='ocrx_word' id='word_1_47' title='bbox 775 1087 815 1160; x_wconf 77' lang='grc' dir='ltr'>δι</span> <span class='ocrx_word' id='word_1_48' title='bbox 833 1085 1016 1160; x_wconf 85' lang='lat' dir='ltr'>Seleuciam</span> <span class='ocrx_word' id='word_1_49' title='bbox 1034 1084 1117 1159; x_wconf 91' lang='lat' dir='ltr'>loco</span> <span class='ocrx_word' id='word_1_50' title='bbox 1142 1085 1216 1158; x_wconf 89' lang='lat' dir='ltr'>leni</span> 
     </span>
     <span class='ocr_line' id='line_1_9' title="bbox 243 1190 1217 1302; baseline 0.01 -40"><span class='ocrx_word' id='word_1_51' title='bbox 243 1190 361 1302; x_wconf 70' lang='lat' dir='ltr'>quiete</span> <span class='ocrx_word' id='word_1_52' title='bbox 384 1190 461 1288; x_wconf 93' lang='lat' dir='ltr'>post</span> <span class='ocrx_word' id='word_1_53' title='bbox 480 1192 656 1267; x_wconf 83' lang='lat' dir='ltr'>meridiem</span> <span class='ocrx_word' id='word_1_54' title='bbox 678 1190 901 1289; x_wconf 80' lang='lat' dir='ltr'>consopitus,</span> <span class='ocrx_word' id='word_1_55' title='bbox 916 1219 936 1266; x_wconf 94' lang='lat' dir='ltr'>a</span> <span class='ocrx_word' id='word_1_56' title='bbox 952 1192 1110 1266; x_wconf 87' lang='lat' dir='ltr'>Sallustio</span> <span class='ocrx_word' id='word_1_57' title='bbox 1130 1211 1217 1272; x_wconf 79' lang='lat' dir='ltr'>tuuc</span> 
     </span>
     <span class='ocr_line' id='line_1_10' title="bbox 245 1300 1220 1402; baseline 0 -26"><span class='ocrx_word' id='word_1_58' title='bbox 245 1300 418 1393; x_wconf 88' lang='lat' dir='ltr'>scutario,</span> <span class='ocrx_word' id='word_1_59' title='bbox 432 1307 471 1380; x_wconf 78' lang='grc' dir='ltr'>δι</span> <span class='ocrx_word' id='word_1_60' title='bbox 488 1301 574 1400; x_wconf 77' lang='lat' dir='ltr'>saepe</span> <span class='ocrx_word' id='word_1_61' title='bbox 590 1304 671 1378; x_wconf 87' lang='lat' dir='ltr'>alias</span> <span class='ocrx_word' id='word_1_62' title='bbox 694 1303 862 1402; x_wconf 82' lang='lat' dir='ltr'>appetitus</span> <span class='ocrx_word' id='word_1_63' title='bbox 880 1304 1112 1378; x_wconf 75' lang='lat' dir='ltr'>insidiantibus·</span> <span class='ocrx_word' id='word_1_64' title='bbox 1125 1304 1220 1378; x_wconf 89' lang='lat' dir='ltr'>mul·</span> 
     </span>
    </p>
   </div>
   <div class='ocr_carea' id='block_1_3' title="bbox 80 1414 1220 1514">
    <p class='ocr_par' dir='ltr' id='par_1_3' title="bbox 80 1414 1220 1514">
     <span class='ocr_line' id='line_1_11' title="bbox 80 1414 1220 1514; baseline 0.001 -25"><span class='ocrx_word' id='word_1_65' title='bbox 80 1441 85 1449; x_wconf 90' lang='lat'>·</span> <span class='ocrx_word' id='word_1_66' title='bbox 244 1416 288 1512; x_wconf 78' lang='lat' dir='ltr'>tis</span> <span class='ocrx_word' id='word_1_67' title='bbox 297 1469 311 1504; x_wconf 92' lang='lat'><strong><em>,</em></strong></span> <span class='ocrx_word' id='word_1_68' title='bbox 325 1415 409 1490; x_wconf 82' lang='lat' dir='ltr'>vitae</span> <span class='ocrx_word' id='word_1_69' title='bbox 422 1415 575 1490; x_wconf 84' lang='lat' dir='ltr'>terminis</span> <span class='ocrx_word' id='word_1_70' title='bbox 592 1440 612 1490; x_wconf 89' lang='lat' dir='ltr'>a</span> <span class='ocrx_word' id='word_1_71' title='bbox 626 1414 835 1514; x_wconf 83' lang='lat' dir='ltr'>primigenio</span> <span class='ocrx_word' id='word_1_72' title='bbox 852 1435 933 1490; x_wconf 92' lang='lat' dir='ltr'>ortu</span> <span class='ocrx_word' id='word_1_73' title='bbox 945 1415 1120 1514; x_wconf 76' lang='lat' dir='ltr'>adscriptis</span> <span class='ocrx_word' id='word_1_74' title='bbox 1138 1415 1220 1490; x_wconf 84' lang='lat' dir='ltr'>ausa</span> 
     </span>
    </p>
   </div>
   <div class='ocr_carea' id='block_1_4' title="bbox 245 1524 1220 1624">
    <p class='ocr_par' dir='ltr' id='par_1_4' title="bbox 245 1524 1220 1624">
     <span class='ocr_line' id='line_1_12' title="bbox 245 1524 1220 1624; baseline 0.003 -26"><span class='ocrx_word' id='word_1_75' title='bbox 245 1526 406 1602; x_wconf 64' lang='lat' dir='ltr'>inmania</span> <span class='ocrx_word' id='word_1_76' title='bbox 423 1524 634 1602; x_wconf 80' lang='lat' dir='ltr'>frenantibus</span> <span class='ocrx_word' id='word_1_77' title='bbox 650 1525 828 1600; x_wconf 87' lang='lat' dir='ltr'>evadebat.</span> <span class='ocrx_word' id='word_1_78' title='bbox 848 1530 908 1604; x_wconf 84' lang='lat' dir='ltr'>Ut.</span> <span class='ocrx_word' id='word_1_79' title='bbox 921 1526 984 1600; x_wconf 92' lang='lat' dir='ltr'>sub</span> <span class='ocrx_word' id='word_1_80' title='bbox 1004 1527 1220 1624; x_wconf 71' lang='lat' dir='ltr'>Principibus</span> 
     </span>
    </p>
   </div>
   <div class='ocr_carea' id='block_1_5' title="bbox 245 1637 1377 1852">
    <p class='ocr_par' dir='ltr' id='par_1_5' title="bbox 245 1637 1377 1853">
     <span class='ocr_line' id='line_1_13' title="bbox 246 1637 1377 1751; baseline 0.002 -39"><span class='ocrx_word' id='word_1_81' title='bbox 246 1640 449 1713; x_wconf 83' lang='lat' dir='ltr'>Commodo</span> <span class='ocrx_word' id='word_1_82' title='bbox 463 1640 503 1716; x_wconf 75' lang='grc' dir='ltr'>δι</span> <span class='ocrx_word' id='word_1_83' title='bbox 514 1640 648 1712; x_wconf 80' lang='lat' dir='ltr'>Severo</span> <span class='ocrx_word' id='word_1_84' title='bbox 663 1663 912 1737; x_wconf 85' lang='lat' dir='ltr'>nonnunquam</span> <span class='ocrx_word' id='word_1_85' title='bbox 924 1637 1119 1726; x_wconf 84' lang='lat' dir='ltr'>accidebat,</span> <span class='ocrx_word' id='word_1_86' title='bbox 1128 1665 1222 1738; x_wconf 79' lang='lat' dir='ltr'>quo-</span> <span class='ocrx_word' id='word_1_87' title='bbox 1376 1694 1377 1751; x_wconf 28' lang='lat' dir='ltr'>p</span> 
     </span>
     <span class='ocr_line' id='line_1_14' title="bbox 245 1746 1222 1852; baseline 0.001 -28"><span class='ocrx_word' id='word_1_88' title='bbox 245 1777 322 1824; x_wconf 87' lang='lat' dir='ltr'>rum</span> <span class='ocrx_word' id='word_1_89' title='bbox 338 1749 466 1824; x_wconf 84' lang='lat' dir='ltr'>summa</span> <span class='ocrx_word' id='word_1_90' title='bbox 485 1746 524 1824; x_wconf 88' lang='lat' dir='ltr'>vi</span> <span class='ocrx_word' id='word_1_91' title='bbox 544 1747 629 1822; x_wconf 87' lang='lat' dir='ltr'>salus</span> <span class='ocrx_word' id='word_1_92' title='bbox 647 1749 769 1822; x_wconf 86' lang='lat' dir='ltr'>crebro</span> <span class='ocrx_word' id='word_1_93' title='bbox 783 1749 1067 1852; x_wconf 81' lang='lat' dir='ltr'>oppugnabatur:</span> <span class='ocrx_word' id='word_1_94' title='bbox 1081 1750 1168 1824; x_wconf 86' lang='lat' dir='ltr'>adeo</span> <span class='ocrx_word' id='word_1_95' title='bbox 1179 1769 1222 1825; x_wconf 91' lang='lat' dir='ltr'>ut</span> 
     </span>
    </p>
   </div>
   <div class='ocr_carea' id='block_1_6' title="bbox 243 1857 1219 1960">
    <p class='ocr_par' dir='ltr' id='par_1_6' title="bbox 243 1857 1219 1960">
     <span class='ocr_line' id='line_1_15' title="bbox 243 1857 1219 1960; baseline -0.001 -27"><span class='ocrx_word' id='word_1_96' title='bbox 243 1859 323 1960; x_wconf 87' lang='lat' dir='ltr'>poli</span> <span class='ocrx_word' id='word_1_97' title='bbox 338 1857 494 1932; x_wconf 88' lang='lat' dir='ltr'>intellina</span> <span class='ocrx_word' id='word_1_98' title='bbox 509 1857 660 1955; x_wconf 87' lang='lat' dir='ltr'>pericula</span> <span class='ocrx_word' id='word_1_99' title='bbox 679 1858 787 1932; x_wconf 86' lang='lat' dir='ltr'>multa</span> <span class='ocrx_word' id='word_1_100' title='bbox 799 1860 840 1933; x_wconf 78' lang='lat' dir='ltr'>dt</span> <span class='ocrx_word' id='word_1_101' title='bbox 852 1858 969 1946; x_wconf 80' lang='lat' dir='ltr'>varia,</span> <span class='ocrx_word' id='word_1_102' title='bbox 983 1857 1068 1932; x_wconf 85' lang='lat' dir='ltr'>alter</span> <span class='ocrx_word' id='word_1_103' title='bbox 1087 1859 1125 1932; x_wconf 92' lang='lat' dir='ltr'>in</span> <span class='ocrx_word' id='word_1_104' title='bbox 1139 1885 1219 1932; x_wconf 89' lang='lat' dir='ltr'>am·</span> 
     </span>
    </p>
   </div>
   <div class='ocr_carea' id='block_1_7' title="bbox 244 1968 1377 2074">
    <p class='ocr_par' dir='ltr' id='par_1_7' title="bbox 244 1968 1377 2074">
     <span class='ocr_line' id='line_1_16' title="bbox 244 1968 1377 2074; baseline -0.005 -27"><span class='ocrx_word' id='word_1_105' title='bbox 244 1970 466 2074; x_wconf 84' lang='lat' dir='ltr'>phitheatrali</span> <span class='ocrx_word' id='word_1_106' title='bbox 479 1995 613 2060; x_wconf 83' lang='lat' dir='ltr'>cavea,</span> <span class='ocrx_word' id='word_1_107' title='bbox 641 1969 721 2046; x_wconf 87' lang='lat' dir='ltr'>cum</span> <span class='ocrx_word' id='word_1_108' title='bbox 749 1970 915 2045; x_wconf 80' lang='lat' dir='ltr'>affitturus</span> <span class='ocrx_word' id='word_1_109' title='bbox 941 1968 1136 2066; x_wconf 66' lang='lat' dir='ltr'>spectaculis</span> <span class='ocrx_word' id='word_1_110' title='bbox 1158 1971 1220 2044; x_wconf 88' lang='lat' dir='ltr'>in·</span> <span class='ocrx_word' id='word_1_111' title='bbox 1376 1974 1377 1979; x_wconf 76' lang='grc'>’</span> 
     </span>
    </p>
   </div>
   <div class='ocr_carea' id='block_1_8' title="bbox 245 2081 1283 2398">
    <p class='ocr_par' dir='ltr' id='par_1_8' title="bbox 245 2081 1283 2398">
     <span class='ocr_line' id='line_1_17' title="bbox 245 2081 1283 2178; baseline -0.003 -19"><span class='ocrx_word' id='word_1_112' title='bbox 245 2085 390 2175; x_wconf 88' lang='lat' dir='ltr'>troiret,</span> <span class='ocrx_word' id='word_1_113' title='bbox 408 2107 428 2156; x_wconf 86' lang='lat' dir='ltr'>a</span> <span class='ocrx_word' id='word_1_114' title='bbox 448 2081 642 2175; x_wconf 87' lang='lat' dir='ltr'>Quintiano</span> <span class='ocrx_word' id='word_1_115' title='bbox 656 2081 809 2156; x_wconf 85' lang='lat' dir='ltr'>senatore</span> <span class='ocrx_word' id='word_1_116' title='bbox 822 2081 1135 2178; x_wconf 61' lang='lat' dir='ltr'>illicita‘cupidinis</span> <span class='ocrx_word' id='word_1_117' title='bbox 1146 2084 1221 2156; x_wconf 79' lang='lat' dir='ltr'>bo·</span> <span class='ocrx_word' id='word_1_118' title='bbox 1277 2123 1283 2128; x_wconf 91' lang='lat'><strong>·</strong></span> 
     </span>
     <span class='ocr_line' id='line_1_18' title="bbox 246 2190 1221 2288; baseline -0.001 -20"><span class='ocrx_word' id='word_1_119' title='bbox 246 2193 359 2283; x_wconf 88' lang='lat' dir='ltr'>mine,</span> <span class='ocrx_word' id='word_1_120' title='bbox 381 2191 425 2266; x_wconf 85' lang='lat' dir='ltr'>ad</span> <span class='ocrx_word' id='word_1_121' title='bbox 438 2190 649 2263; x_wconf 80' lang='lat' dir='ltr'>debilitatem</span> <span class='ocrx_word' id='word_1_122' title='bbox 671 2215 768 2286; x_wconf 69' lang='lat' dir='ltr'>pane</span> <span class='ocrx_word' id='word_1_123' title='bbox 786 2190 1221 2288; x_wconf 71' lang='lat' dir='ltr'>pugione&#39;v&#39;ulneraretuto</span> 
     </span>
     <span class='ocr_line' id='line_1_19' title="bbox 247 2294 1219 2398; baseline 0.001 -27"><span class='ocrx_word' id='word_1_124' title='bbox 247 2300 338 2398; x_wconf 44' lang='lat' dir='ltr'>alter,</span> <span class='ocrx_word' id='word_1_125' title='bbox 355 2294 561 2393; x_wconf 77' lang='lat' dir='ltr'>inopinabili</span> <span class='ocrx_word' id='word_1_126' title='bbox 577 2296 724 2394; x_wconf 87' lang='lat' dir='ltr'>impetu,</span> <span class='ocrx_word' id='word_1_127' title='bbox 737 2315 893 2393; x_wconf 87' lang='lat' dir='ltr'>tempore</span> <span class='ocrx_word' id='word_1_128' title='bbox 909 2299 1017 2373; x_wconf 84' lang='lat' dir='ltr'>aetatis</span> <span class='ocrx_word' id='word_1_129' title='bbox 1039 2318 1219 2390; x_wconf 84' lang='lat' dir='ltr'>extremo,</span> 
     </span>
    </p>
   </div>
   <div class='ocr_carea' id='block_1_9' title="bbox 106 2407 1221 2508">
    <p class='ocr_par' dir='ltr' id='par_1_9' title="bbox 106 2407 1221 2508">
     <span class='ocr_line' id='line_1_20' title="bbox 106 2407 1221 2508; baseline -0.003 -24"><span class='ocrx_word' id='word_1_130' title='bbox 106 2435 109 2439; x_wconf 68' lang='grc'>’</span> <span class='ocrx_word' id='word_1_131' title='bbox 246 2408 465 2498; x_wconf 84' lang='lat' dir='ltr'>aSaturnipo</span> <span class='ocrx_word' id='word_1_132' title='bbox 488 2407 694 2486; x_wconf 83' lang='lat' dir='ltr'>centurione</span> <span class='ocrx_word' id='word_1_133' title='bbox 718 2407 865 2482; x_wconf 86' lang='lat' dir='ltr'>confilio</span> <span class='ocrx_word' id='word_1_134' title='bbox 885 2409 1052 2483; x_wconf 84' lang='lat' dir='ltr'>Plautiani</span> <span class='ocrx_word' id='word_1_135' title='bbox 1068 2408 1221 2508; x_wconf 69' lang='lat' dir='ltr'>praesedi</span> 
     </span>
    </p>
   </div>
   <div class='ocr_carea' id='block_1_10' title="bbox 170 2516 1221 2952">
    <p class='ocr_par' dir='ltr' id='par_1_10' title="bbox 170 2516 1221 2952">
     <span class='ocr_line' id='line_1_21' title="bbox 246 2516 1221 2618; baseline -0.003 -23"><span class='ocrx_word' id='word_1_136' title='bbox 246 2522 286 2595; x_wconf 92' lang='lat' dir='ltr'>in</span> <span class='ocrx_word' id='word_1_137' title='bbox 309 2517 472 2594; x_wconf 91' lang='lat' dir='ltr'>cubiculo</span> <span class='ocrx_word' id='word_1_138' title='bbox 492 2516 605 2611; x_wconf 85' lang='lat' dir='ltr'>jacens</span> <span class='ocrx_word' id='word_1_139' title='bbox 618 2517 937 2608; x_wconf 79' lang='lat' dir='ltr'>confoderetur‚ni</span> <span class='ocrx_word' id='word_1_140' title='bbox 956 2518 1221 2618; x_wconf 61' lang='lat' dir='ltr'>tulissepsuppe·</span> 
     </span>
     <span class='ocr_line' id='line_1_22' title="bbox 170 2628 1221 2724; baseline -0.001 -17"><span class='ocrx_word' id='word_1_141' title='bbox 170 2699 182 2718; x_wconf 68' lang='grc'>,</span> <span class='ocrx_word' id='word_1_142' title='bbox 247 2635 312 2708; x_wconf 88' lang='lat' dir='ltr'>tias</span> <span class='ocrx_word' id='word_1_143' title='bbox 335 2629 426 2702; x_wconf 87' lang='lat' dir='ltr'>filius</span> <span class='ocrx_word' id='word_1_144' title='bbox 442 2628 649 2705; x_wconf 88' lang='lat' dir='ltr'>adolescens.</span> <span class='ocrx_word' id='word_1_145' title='bbox 674 2630 850 2724; x_wconf 85' lang='lat' dir='ltr'>Quocirca</span> <span class='ocrx_word' id='word_1_146' title='bbox 870 2630 973 2704; x_wconf 89' lang='lat' dir='ltr'>etiam</span> <span class='ocrx_word' id='word_1_147' title='bbox 999 2630 1125 2706; x_wconf 78' lang='lat' dir='ltr'>Valent</span> <span class='ocrx_word' id='word_1_148' title='bbox 1147 2647 1221 2706; x_wconf 86' lang='lat' dir='ltr'>erat</span> 
     </span>
     <span class='ocr_line' id='line_1_23' title="bbox 248 2735 1219 2837; baseline -0.001 -24"><span class='ocrx_word' id='word_1_149' title='bbox 248 2741 352 2814; x_wconf 86' lang='lat' dir='ltr'>venia</span> <span class='ocrx_word' id='word_1_150' title='bbox 366 2738 506 2836; x_wconf 82' lang='lat' dir='ltr'>dignus,</span> <span class='ocrx_word' id='word_1_151' title='bbox 523 2737 645 2829; x_wconf 85' lang='lat' dir='ltr'>vitam,</span> <span class='ocrx_word' id='word_1_152' title='bbox 658 2763 760 2837; x_wconf 86' lang='lat' dir='ltr'>quam</span> <span class='ocrx_word' id='word_1_153' title='bbox 773 2757 927 2835; x_wconf 89' lang='lat' dir='ltr'>ereptum</span> <span class='ocrx_word' id='word_1_154' title='bbox 937 2737 987 2811; x_wconf 86' lang='lat' dir='ltr'>ire</span> <span class='ocrx_word' id='word_1_155' title='bbox 1001 2735 1120 2834; x_wconf 86' lang='lat' dir='ltr'>perfidi</span> <span class='ocrx_word' id='word_1_156' title='bbox 1132 2764 1219 2836; x_wconf 84' lang='lat' dir='ltr'>pto·</span> 
     </span>
     <span class='ocr_line' id='line_1_24' title="bbox 246 2842 1219 2952; baseline 0 -30"><span class='ocrx_word' id='word_1_157' title='bbox 246 2851 411 2952; x_wconf 87' lang='lat' dir='ltr'>perabant</span> <span class='ocrx_word' id='word_1_158' title='bbox 424 2899 435 2938; x_wconf 92' lang='lat'>,</span> <span class='ocrx_word' id='word_1_159' title='bbox 448 2847 546 2921; x_wconf 89' lang='lat' dir='ltr'>omni</span> <span class='ocrx_word' id='word_1_160' title='bbox 567 2849 701 2922; x_wconf 90' lang='lat' dir='ltr'>cautela</span> <span class='ocrx_word' id='word_1_161' title='bbox 718 2842 914 2922; x_wconf 89' lang='lat' dir='ltr'>defendens.</span> <span class='ocrx_word' id='word_1_162' title='bbox 933 2849 998 2920; x_wconf 85' lang='lat' dir='ltr'>Sed</span> <span class='ocrx_word' id='word_1_163' title='bbox 1010 2843 1219 2943; x_wconf 77' lang='lat' dir='ltr'>inexpiabile</span> 
     </span>
    </p>
   </div>
   <div class='ocr_carea' id='block_1_11' title="bbox 125 2928 1375 3167">
    <p class='ocr_par' dir='ltr' id='par_1_11' title="bbox 125 2928 1375 3167">
     <span class='ocr_line' id='line_1_25' title="bbox 247 2928 1375 3056; baseline 0.001 -23"><span class='ocrx_word' id='word_1_164' title='bbox 247 2957 336 3033; x_wconf 89' lang='lat' dir='ltr'>illud</span> <span class='ocrx_word' id='word_1_165' title='bbox 353 2975 447 3046; x_wconf 89' lang='lat' dir='ltr'>erat,</span> <span class='ocrx_word' id='word_1_166' title='bbox 461 2957 558 3055; x_wconf 89' lang='lat' dir='ltr'>quod</span> <span class='ocrx_word' id='word_1_167' title='bbox 574 2957 737 3056; x_wconf 82' lang='lat' dir='ltr'>regaliter</span> <span class='ocrx_word' id='word_1_168' title='bbox 748 2957 922 3056; x_wconf 67' lang='lat' dir='ltr'>turgidus,</span> <span class='ocrx_word' id='word_1_169' title='bbox 936 2958 1012 3056; x_wconf 88' lang='lat' dir='ltr'>pari</span> <span class='ocrx_word' id='word_1_170' title='bbox 1029 2958 1221 3052; x_wconf 78' lang='lat' dir='ltr'>eodemque</span> <span class='ocrx_word' id='word_1_171' title='bbox 1374 2928 1375 2965; x_wconf 22' lang='grc' dir='ltr'>ἓ</span> 
     </span>
     <span class='ocr_line' id='line_1_26' title="bbox 125 3065 1223 3167; baseline -0.005 -25"><span class='ocrx_word' id='word_1_172' title='bbox 125 3132 129 3142; x_wconf 88' lang='grc'><em>,</em></span> <span class='ocrx_word' id='word_1_173' title='bbox 246 3067 350 3167; x_wconf 84' lang='lat' dir='ltr'>jure,</span> <span class='ocrx_word' id='word_1_174' title='bbox 373 3065 458 3140; x_wconf 82' lang='lat' dir='ltr'>nihil</span> <span class='ocrx_word' id='word_1_175' title='bbox 485 3066 574 3140; x_wconf 90' lang='lat' dir='ltr'>inter</span> <span class='ocrx_word' id='word_1_176' title='bbox 601 3066 633 3142; x_wconf 91' lang='lat' dir='ltr'>se</span> <span class='ocrx_word' id='word_1_177' title='bbox 656 3065 855 3162; x_wconf 72' lang='lat' dir='ltr'>distantibus</span> <span class='ocrx_word' id='word_1_178' title='bbox 875 3068 1030 3152; x_wconf 80' lang='lat' dir='ltr'>meritis,</span> <span class='ocrx_word' id='word_1_179' title='bbox 1055 3083 1223 3167; x_wconf 72' lang='lat' dir='ltr'>nocentea</span> 
     </span>
    </p>
   </div>
   <div class='ocr_carea' id='block_1_12' title="bbox 247 3175 1221 3388">
    <p class='ocr_par' dir='ltr' id='par_1_12' title="bbox 247 3175 1221 3388">
     <span class='ocr_line' id='line_1_27' title="bbox 247 3175 1221 3276; baseline -0.007 -22"><span class='ocrx_word' id='word_1_180' title='bbox 247 3176 518 3276; x_wconf 89' lang='lat' dir='ltr'>innocentesque</span> <span class='ocrx_word' id='word_1_181' title='bbox 532 3177 678 3276; x_wconf 83' lang='lat' dir='ltr'>maligna</span> <span class='ocrx_word' id='word_1_182' title='bbox 694 3175 914 3251; x_wconf 64' lang='lat' dir='ltr'>insectatione</span> <span class='ocrx_word' id='word_1_183' title='bbox 928 3177 1118 3251; x_wconf 86' lang='lat' dir='ltr'>volucriter</span> <span class='ocrx_word' id='word_1_184' title='bbox 1139 3199 1221 3271; x_wconf 86' lang='lat' dir='ltr'>per·</span> 
     </span>
     <span class='ocr_line' id='line_1_28' title="bbox 247 3282 1219 3388; baseline -0.007 -26"><span class='ocrx_word' id='word_1_185' title='bbox 247 3285 389 3388; x_wconf 81' lang='lat' dir='ltr'>urgebat</span> <span class='ocrx_word' id='word_1_186' title='bbox 415 3303 484 3360; x_wconf 81' lang='lat' dir='ltr'>rut</span> <span class='ocrx_word' id='word_1_187' title='bbox 506 3285 587 3358; x_wconf 90' lang='lat' dir='ltr'>dum</span> <span class='ocrx_word' id='word_1_188' title='bbox 606 3284 721 3358; x_wconf 81' lang='lat' dir='ltr'>adbuc</span> <span class='ocrx_word' id='word_1_189' title='bbox 744 3285 957 3361; x_wconf 82' lang='lat' dir='ltr'>dubitaretur</span> <span class='ocrx_word' id='word_1_190' title='bbox 980 3285 1023 3360; x_wconf 86' lang='lat' dir='ltr'>de</span> <span class='ocrx_word' id='word_1_191' title='bbox 1047 3282 1219 3372; x_wconf 89' lang='lat' dir='ltr'>crimine,</span> 
     </span>
    </p>
   </div>
   <div class='ocr_carea' id='block_1_13' title="bbox 11 3391 1222 3497">
    <p class='ocr_par' dir='ltr' id='par_1_13' title="bbox 11 3391 1222 3497">
     <span class='ocr_line' id='line_1_29' title="bbox 11 3391 1222 3497; baseline -0.004 -24"><span class='ocrx_word' id='word_1_192' title='bbox 11 3397 15 3406; x_wconf 78' lang='grc'><em>’</em></span> <span class='ocrx_word' id='word_1_193' title='bbox 91 3466 93 3475; x_wconf 92' lang='grc'>.</span> <span class='ocrx_word' id='word_1_194' title='bbox 247 3399 457 3497; x_wconf 85' lang='lat' dir='ltr'>Imperatore</span> <span class='ocrx_word' id='word_1_195' title='bbox 479 3419 552 3470; x_wconf 91' lang='lat' dir='ltr'>non</span> <span class='ocrx_word' id='word_1_196' title='bbox 574 3396 750 3470; x_wconf 88' lang='lat' dir='ltr'>dubitante</span> <span class='ocrx_word' id='word_1_197' title='bbox 769 3396 812 3468; x_wconf 90' lang='lat' dir='ltr'>de</span> <span class='ocrx_word' id='word_1_198' title='bbox 832 3420 962 3492; x_wconf 83' lang='lat' dir='ltr'>poena,</span> <span class='ocrx_word' id='word_1_199' title='bbox 983 3396 1162 3470; x_wconf 64' lang='lat' dir='ltr'>&amp;ornatos</span> <span class='ocrx_word' id='word_1_200' title='bbox 1186 3391 1222 3468; x_wconf 86' lang='lat' dir='ltr'>se</span> 
     </span>
    </p>
   </div>
   <div class='ocr_carea' id='block_1_14' title="bbox 247 3495 1267 3830">
    <p class='ocr_par' dir='ltr' id='par_1_14' title="bbox 247 3495 1267 3830">
     <span class='ocr_line' id='line_1_30' title="bbox 247 3495 1220 3609; baseline -0.004 -27"><span class='ocrx_word' id='word_1_201' title='bbox 247 3509 387 3609; x_wconf 87' lang='lat' dir='ltr'>quidam</span> <span class='ocrx_word' id='word_1_202' title='bbox 410 3507 501 3604; x_wconf 86' lang='lat' dir='ltr'>prius</span> <span class='ocrx_word' id='word_1_203' title='bbox 518 3505 703 3595; x_wconf 89' lang='lat' dir='ltr'>discerent,</span> <span class='ocrx_word' id='word_1_204' title='bbox 716 3529 820 3604; x_wconf 86' lang='lat' dir='ltr'>quam</span> <span class='ocrx_word' id='word_1_205' title='bbox 833 3495 1024 3604; x_wconf 56' lang='lat' dir='ltr'>suspecloss</span> <span class='ocrx_word' id='word_1_206' title='bbox 1032 3504 1220 3608; x_wconf 76' lang='lat' dir='ltr'>Adolesce-</span> 
     </span>
     <span class='ocr_line' id='line_1_31' title="bbox 247 3611 1267 3712; baseline -0.009 -20"><span class='ocrx_word' id='word_1_207' title='bbox 247 3618 307 3693; x_wconf 89' lang='lat' dir='ltr'>bat</span> <span class='ocrx_word' id='word_1_208' title='bbox 323 3635 438 3692; x_wconf 87' lang='lat' dir='ltr'>autem</span> <span class='ocrx_word' id='word_1_209' title='bbox 460 3611 664 3688; x_wconf 83' lang='lat' dir='ltr'>obstinamm</span> <span class='ocrx_word' id='word_1_210' title='bbox 680 3613 753 3711; x_wconf 87' lang='lat' dir='ltr'>ejus</span> <span class='ocrx_word' id='word_1_211' title='bbox 776 3615 989 3712; x_wconf 85' lang='lat' dir='ltr'>propositum</span> <span class='ocrx_word' id='word_1_212' title='bbox 1010 3617 1221 3688; x_wconf 80' lang='lat' dir='ltr'>admovente</span> <span class='ocrx_word' id='word_1_213' title='bbox 1263 3697 1267 3702; x_wconf 31' lang='grc'>,</span> 
     </span>
     <span class='ocr_line' id='line_1_32' title="bbox 247 3725 1221 3830; baseline -0.009 -24"><span class='ocrx_word' id='word_1_214' title='bbox 247 3727 400 3806; x_wconf 83' lang='lat' dir='ltr'>stimulos</span> <span class='ocrx_word' id='word_1_215' title='bbox 416 3727 576 3822; x_wconf 80' lang='lat' dir='ltr'>avaritia,</span> <span class='ocrx_word' id='word_1_216' title='bbox 591 3729 628 3806; x_wconf 78' lang='lat' dir='ltr'>bc</span> <span class='ocrx_word' id='word_1_217' title='bbox 642 3729 717 3824; x_wconf 88' lang='lat' dir='ltr'>sua,</span> <span class='ocrx_word' id='word_1_218' title='bbox 729 3729 768 3804; x_wconf 75' lang='lat' dir='ltr'>dt</span> <span class='ocrx_word' id='word_1_219' title='bbox 781 3753 924 3823; x_wconf 84' lang='lat' dir='ltr'>eorum,</span> <span class='ocrx_word' id='word_1_220' title='bbox 939 3727 1004 3830; x_wconf 88' lang='lat' dir='ltr'>qui</span> <span class='ocrx_word' id='word_1_221' title='bbox 1015 3744 1098 3806; x_wconf 85' lang='lat' dir='ltr'>tunc</span> <span class='ocrx_word' id='word_1_222' title='bbox 1110 3725 1148 3800; x_wconf 94' lang='lat' dir='ltr'>in</span> <span class='ocrx_word' id='word_1_223' title='bbox 1162 3747 1221 3808; x_wconf 74' lang='lat' dir='ltr'>rc·⁴</span> 
     </span>
    </p>
   </div>
   <div class='ocr_carea' id='block_1_15' title="bbox 0 0 1395 4284">
    <p class='ocr_par' dir='ltr' id='par_1_15' title="bbox 0 0 1395 4284">
     <span class='ocr_line' id='line_1_33' title="bbox 0 0 1395 4284; baseline 0 0"><span class='ocrx_word' id='word_1_224' title='bbox 0 0 1395 4284; x_wconf 95' lang='lat' dir='ltr'> </span> 
     </span>
    </p>
   </div>
  </div>
 </body>
</html>
