2775 4284
245 296 357 371 18
399 291 658 366 AMMIANI
693 284 1059 370 MARCELLINI

240 459 360 532 rietate
385 453 522 558 casuum
546 414 774 528 obsidentium
795 449 913 539 labor,
938 447 1216 552 obsessorumque

241 563 433 653 industria,
455 562 600 638 vicissim
632 557 842 633 facinoribus
864 554 1022 654 speciosis
1045 556 1216 634 inclaruit.

241 679 339 754 Nihil
365 677 456 748 enim
477 671 662 768 asperum
653 697 704 744 tra
725 673 765 743 ὅ(
788 669 912 742 dolore
931 667 1092 743 succenso
1114 669 1216 776 militi

241 781 448 863 videbatur.
477 783 562 855 nihil
585 781 818 854 munitostb'us
835 797 906 853 erat
927 803 993 875 pro
1016 778 1120 851 salute
1137 805 1216 853 cur·
1224 815 1235 824 ·

237 899 395 976 rentibus
413 893 632 969 metuendum
658 913 717 966 aut
745 893 868 966 ditum.
886 891 989 965 Nam
993 916 1074 966 cum
1093 915 1219 986 anceps

242 1033 359 1110 patgna
383 981 511 1079 diutius
535 1003 698 1092 fervens,
725 968 887 1100 satiguine
915 1002 1077 1099 utrinque
1100 1002 1241 1105 multis.

243 1119 395 1195 caedibus
419 1115 521 1206 sus0,
539 1113 606 1189 diei
627 1112 750 1186 finisset
769 1111 920 1202 occasu,
938 1114 1075 1186 tandem
1098 1112 1219 1211 fatiga·

241 1230 334 1303 tioni
360 1227 558 1303 consulitur
573 1228 750 1330 Dumque
776 1224 848 1298 haec
876 1226 952 1308 luce
973 1243 1153 1330 agerentur
1177 1251 1219 1301 ac

244 1341 384 1438 palam,
404 1336 579 1411 nuntiatur
600 1331 808 1430 Imperatori
818 1332 977 1432 pervigili
994 1359 1075 1409 cura
1092 1333 1220 1406 disten·

243 1465 306 1530 ιο,
328 1444 537 1550 legionarios
558 1441 708 1531 milites,
726 1440 849 1538 quibus
864 1440 1107 1517 cuniculorum
1122 1460 1220 1516 erant

235 1552 374 1653 sodinae
403 1553 597 1644 mandatae,
622 1550 753 1625 cavatis
783 1549 972 1626 tramitibus
992 1552 1219 1627 subterraneis

233 1659 493 1759 'sublicibusque
508 1659 730 1758 suspensis,
721 1684 789 1733 una
809 1650 995 1756 penetrasse
1017 1659 1220 1739 fundamen·

235 1769 385 1861 storum,
399 1769 488 1867 jam,
502 1769 528 1842 si
546 1767 615 1867 ipse
629 1765 852 1867 disposuerit,
864 1767 1037 1845 evasuros.
1052 1771 1142 1844 Cum
1153 1771 1220 1846 ita-

176 1919 180 1928 ·
243 1909 313 1984 que
336 1883 446 1958 nouis
462 1881 661 1980 plerumque
677 1878 912 1979 proceffesset,
935 1900 1147 1988 aeneatorum
1158 1909 1218 1959 ac·

245 2017 350 2075 centu
369 1998 467 2098 figno
491 1999 572 2072 dato
592 1995 837 2095 progrediendi
851 1995 895 2068 ad
907 2021 1085 2094 pugnam,
1103 1999 1144 2070 ad
1163 2023 1220 2071 ar-

244 2135 301 2184 ma
315 2097 519 2184 concursum
533 2108 599 2181 esl.
622 2107 661 2180 δι
675 2107 835 2179 consulto
853 2124 1032 2179 murorum
1045 2106 1219 2186 invadun-

243 2241 302 2298 tur
316 2219 476 2316 utrinque
492 2216 643 2304 frontes,
660 2233 716 2298 ut,
730 2215 811 2288 dum
826 2216 1056 2312 propulsaturi
1070 2218 1222 2315 pericula

149 2420 150 2426 η
231 2326 441 2402 defensores
472 2325 565 2399 ultro
600 2322 759 2420 citroque
778 2321 1074 2417 discurrunt,⁴nec
1102 2328 1221 2426 proxi·

245 2462 309 2510 rna-
327 2433 490 2509 fodientis
513 2431 686 2507 'audiretur
711 2432 792 2506 serti
818 2433 1000 2529 tinnitus,
1031 2461 1096 2512 nec
1126 2462 1220 2534 quo·
1251 2441 1258 2448 ’

245 2573 348 2646 quant
359 2544 559 2621 intrinsecus
574 2543 782 2637 obsistente,
803 2546 1093 2623 cuniculariorum
1104 2548 1219 2624 subito

245 2686 364 2737 manus
380 2672 538 2758 emergat.
557 2660 700 2755 Quibus
711 2659 823 2750 ita,ut
837 2679 1066 2750 convenerat,
1082 2662 1220 2736 ordina-

244 2771 288 2848 tis
311 2773 349 2846 δι
373 2771 552 2868 occupatis
577 2765 877 2868 prohibitoribus,
902 2771 1142 2877 patesaslisque
1167 2761 1218 2848 la·
1265 2863 1269 2871 Ι

121 2875 141 2972 j
245 2880 375 2970 rebris,
401 2881 520 2953 evolat
548 2879 754 2977 Exsuperius
788 2881 830 2955 de
865 2881 1038 2958 vitiorum
1072 2910 1219 2958 nurnero

245 2989 367 3080 miles,
389 2983 465 3086 posi
491 3016 592 3088 quem
615 2995 760 3090 Magnus
781 2991 965 3085 tribunus,
991 2993 1221 3070 &Iovianus

85 3103 87 3110 ⁴
155 3107 160 3111 ’
246 3097 425 3182 notarius:
446 3125 535 3197 quos
556 3102 673 3174 audax
689 3101 876 3176 multitudo
891 3101 1028 3195 secuta,
1052 3105 1107 3179 his
1125 3107 1221 3203 prius
1307 3078 1331 3104 '¹

245 3207 412 3284 confossis
423 3260 434 3299 ,
447 3231 536 3306 quos
548 3208 585 3284 in
599 3211 687 3301 aede,
704 3236 765 3307 per
779 3237 880 3309 quarn
893 3211 932 3285 in
947 3206 1058 3287 lucent
1078 3214 1219 3319 prodie·
1252 3289 1256 3294 .

247 3338 348 3407 rant,
372 3318 606 3408 invenerunt,
630 3318 791 3416 suspensis
814 3321 971 3418 gradibus
992 3308 1220 3418 procedentes
1241 3369 1267 3426 3

246 3372 501 3500 obtrtincarunt
520 3427 643 3525 vigiles
664 3452 809 3516 omnes,
832 3455 876 3501 ex
894 3428 954 3502 usu
968 3432 1076 3504 moris
1091 3431 1219 3530 gentici

245 3533 407 3634 justitiam
426 3530 707 3634 felicitatemque
714 3537 803 3634 regis
828 3535 877 3608 sui
910 3539 1045 3613 canoris
1071 3541 1219 3614 vocibus

245 3645 461 3726 extollentes.
495 3645 755 3720 Existimabatur
781 3650 874 3720 Mars
909 3647 1005 3745 ipse,
1032 3650 1057 3721 st
1085 3648 1221 3722 misceri
1303 3712 1307 3721 t

245 3754 444 3839 hominibus
467 3750 609 3834 numina
629 3757 808 3859 majestatis
829 3757 906 3859 jura
918 3759 1141 3860 permittunt,
1164 3757 1218 3868 ase
1270 3833 1275 3846 ,
