2775 4284
293 257 466 338 RERUM]
485 255 744 334 GESTARUM
765 259 853 338 HR..
870 260 1007 376 xxtx,
1069 281 1135 363 175
1199 261 1206 272 '

169 419 225 520 gia
243 421 480 510 versabantur,
507 419 760 495 noros.hiatus
783 420 1033 518 aperientium,
1053 422 1138 499 &li

133 529 142 574 l
167 558 240 632 qua
258 535 475 608 humanitatis
496 533 608 608 suisset
629 533 760 608 mentio
781 559 882 623 rara,
902 534 991 608 hanc
1016 536 1138 635 appel·

169 639 312 716 lancium
335 643 524 718 tarditatem
540 669 550 717 e
570 643 631 740 qui
648 643 797 716 cruentis
815 642 1064 718 adulationibus
1080 643 1138 715 in·

102 759 108 770 '
166 751 321 827 siitutum
343 751 495 830 hominis
508 805 519 841 ,
534 741 682 845 mortem
703 750 738 822 in
758 751 839 824 acie
854 751 977 849 linguae
993 770 1139 848 portan-

133 891 134 894 ’
168 863 234 956 tis,
249 862 292 935 ad
309 883 439 959 partem
461 849 636 961 pellimam‘
655 861 902 958 depravantes,
924 861 1042 935 omnia
1064 880 1138 936 tur·

167 969 248 1058 bine
266 971 509 1068 intempestivo
527 969 738 1067 perflabant,
753 969 909 1044 eversum
923 971 971 1045 ire
984 970 1139 1048 fundinu

81 1081 83 1085 ’
167 1083 291 1163 domus
312 1081 578 1179 opulentissimas
596 1081 802 1154 festinantes.
818 1084 897 1152 Erat
917 1079 1009 1151 enim
1030 1103 1153 1175 expos.

167 1191 247 1268 satus
267 1191 705 1296 accetlulinsrdirntium&
728 1188 1006 1278 reclusus,uitio
1028 1187 1150 1289 gemb,
1198 1205 1212 1220 “
1333 1238 1335 1247 ,

167 1327 218 1376 no
237 1303 425 1401 perniciose
441 1304 650 1402 implicitus:
666 1304 763 1402 quod
776 1302 1001 1376 intoleranter
1013 1300 1139 1374 irasce-

167 1413 266 1490 batur
286 1431 369 1490 tunc
383 1413 508 1512 magis,
522 1437 697 1490 cumeum
719 1413 861 1509 puderet
872 1409 991 1485 irasci:
1007 1414 1046 1486 bt
1059 1435 1138 1509 qua

106 1573 109 1580 .
167 1522 329 1600 facilitate
348 1524 474 1620 privati
496 1523 625 1621 opertis
647 1521 787 1596 susurris
811 1521 982 1610 audierat,
997 1546 1040 1594 au
1054 1542 1156 1597 vera.

147 1633 272 1730 ¹essent
288 1652 450 1708 excutere
469 1653 604 1708 tumore
629 1631 794 1728 Principis
817 1629 1050 1727 supersidens,
1070 1653 1139 1726 pro
1190 1653 1194 1662 ·
1306 1629 1312 1646 '

168 1741 261 1814 veris
282 1743 469 1840 accipiebat
490 1747 528 1818 &
542 1743 653 1818 certis.
672 1743 754 1813 lude
776 1734 899 1814 fadum
922 1739 991 1828 esi,
1005 1759 1046 1812 ut
1065 1739 1139 1814 cleu

167 1851 304 1926 mentia
324 1851 431 1949 specie
455 1853 634 1950 penatibus
652 1850 752 1924 multi
777 1849 1061 1947 protruderentur
1082 1847 1139 1920 in.-

167 1957 303 2050 sontes,
321 1985 470 2058 praeceps
493 1963 528 2034 in
546 1959 701 2034 exilium
718 1958 783 2030 atti
798 1985 808 2031 a
822 1981 971 2055 quorum
995 1955 1031 2028 in
1052 1981 1139 2028 aera·

119 2069 121 2074 ’
166 2067 222 2144 rio
241 2070 334 2144 bona
350 2071 467 2148 coasla
484 2072 524 2145 δι
543 2068 612 2166 ipse
626 2065 841 2166 adquaestus
863 2062 1023 2164 proprios
1047 2065 1140 2140 redi·.
1246 2068 1249 2079 ¹

166 2177 288 2276 gebat,
304 2198 342 2254 ut
362 2180 509 2253 damnati
529 2179 610 2253 cibo
628 2175 786 2276 precario
803 2174 1016 2264 viuimem,
1034 2182 1141 2272 angui·

165 2287 237 2362 sliis
257 2288 480 2367 formidanda
495 2285 700 2387 paupertatis
715 2283 842 2359 attriti:
862 2282 959 2381 cujus
971 2301 1067 2364 metu
1082 2281 1141 2358 vel

166 2396 205 2473 in
219 2424 309 2472 mare
329 2423 394 2472 nos
410 2398 459 2472 ire
473 2397 689 2494 precipites,
710 2396 825 2471 suadet
841 2393 1017 2490 Theognis
1034 2415 1139 2489 poeta

168 2495 270 2580 vetus
290 2507 329 2578 δι
344 2506 501 2599 prudens.
522 2506 614 2596 Quae
634 2501 760 2574 etiamst
780 2503 867 2574 resia
881 2501 977 2572 fuiffe
995 2501 1140 2576 conces-

168 2611 247 2688 serit
268 2611 476 2710 quisquam‚
500 2632 570 2686 crat
594 2608 705 2683 tamen
731 2608 802 2707 ipsa
826 2609 982 2683 nimietas
1008 2610 1168 2686 odiosa..

169 2722 270 2796 Unde
289 2721 558 2796 animadversum
578 2722 625 2796 est
645 2722 734 2796 rede
755 2721 823 2798 hoc
847 2719 1024 2794 delinitum
1039 2746 1050 2794 a
1063 2723 1140 2794 nul·

168 2831 237 2904 lam
259 2831 325 2904 elle
343 2829 570 2906 crudeliorem
593 2830 793 2919 sententiam
807 2853 873 2923 ea,
886 2846 963 2928 quae
980 2828 1047 2919 esl,
1060 2856 1139 2906 curn

168 2967 309 3040 parcere
324 2942 480 3031 videtur,
494 2939 654 3037 asperior.
668 2940 773 3039 Igitur
787 2967 867 3015 cum
880 2939 1040 3038 praefeslo
1053 2967 1141 3039 praa·

169 3050 265 3126 torio
291 3049 508 3124 summatibus
533 3049 677 3148 quesitis
705 3051 742 3122 in
764 3074 898 3139 unum,
922 3049 1047 3148 quibus
1072 3075 1139 3123 co·

168 3163 340 3264 gnitiones
363 3159 547 3236 commillae
570 3159 666 3251 sun't,
686 3159 909 3240 intenduntur
932 3159 1060 3249 eculei,
1078 3183 1139 3234 ex·

170 3273 352 3370 pediuntur
374 3275 527 3370 pondera
552 3271 732 3368 plumbea,
748 3298 827 3345 cum
843 3269 987 3344 fidiculis
1001 3275 1040 3347 dt
1056 3296 1139 3344 ver·
1198 3275 1202 3281 '

170 3380 326 3456 beribus:
348 3383 550 3456 resultabant
571 3383 687 3456 omnia
706 3381 906 3456 truculentae
932 3381 1032 3460 uocis
1051 3382 1139 3454 hot·
1227 3379 1230 3387 ’

170 3489 323 3580 roribus,
342 3492 430 3565 inter
453 3511 647 3564 catenarum
672 3491 826 3581 sonitus,
851 3493 965 3579 Tene,
988 3489 1138 3580 Claude,

168 3601 388 3698 Comprime,
399 3601 514 3690 Abde,
526 3599 686 3674 ministris
700 3601 898 3676 officiorum
913 3590 1054 3674 trillium
1069 3600 1138 3672 cla·

168 3712 376 3790 mittentibus.
395 3713 436 3786 Et
458 3710 621 3812 quoniam
636 3711 747 3789 addici
757 3711 836 3811 post
849 3711 1049 3790 cruciabiles
1061 3723 1139 3812 pora'
