2775 4284
294 301 462 376 neuun
486 238 744 374 curarunt
768 299 849 374 itu.
874 299 1006 376 xxiv.
1091 323 1136 397 17

165 471 333 558 'compage
355 458 556 547 scutorum,
577 483 646 556 qua
666 444 764 531 velut
784 455 949 561 testudine
974 450 1139 558 infigura·

164 569 285 643 bilium
312 568 485 644 fornicum
516 567 759 664 operiebantur
790 565 979 663 aptiffime,
1003 567 1138 644 affiduis

163 679 317 752 motibus
330 677 441 751 laxius
455 673 657 751 dehiscente.
672 675 807 749 Contra
823 673 929 748 Persa
942 675 1049 748 muris
1070 677 1140 750 ob·

166 787 319 862 stinatius
330 788 560 890 adherentes,
574 801 740 883 quantum
759 782 870 858 facere
887 785 1023 886 nitique
1037 805 1137 883 pote·

166 917 267 986 rant,
288 897 482 982 eludere&
508 896 660 971 frustrari
679 895 832 970 exitiales
854 895 1002 996 impetus
1029 922 1141 972 cona·

169 1005 305 1080 bantur.
327 1009 455 1080 Verum
477 1007 537 1080 ubi
558 989 724 1083 vitliineas
737 996 845 1081 crates
859 1032 930 1105 prae
945 1008 979 1082 se
993 1007 1141 1082 setemes

172 1128 430 1222 oppugnatores
451 1115 517 1212 jam
540 1117 671 1192 moenia
688 1135 926 1215 perurgerent,
942 1145 1021 1194 cunr
1039 1119 1143 1219 sagit·

170 1228 264 1329 tariis
278 1228 488 1322 funditores,
507 1228 565 1301 alii
577 1229 662 1327 quin
675 1229 776 1307 etiam
792 1228 869 1304 sana
886 1230 1074 1304 volventes
1087 1231 1145 1306 in-

169 1339 308 1440 gentia,
328 1364 405 1413 cunr
422 1337 553 1412 facibus
578 1338 616 1410 δι
634 1336 802 1411 malleolis
824 1361 886 1413 eos
902 1332 1038 1437 longius
1055 1365 1143 1437 pro·
1226 1392 1228 1401 ,

52 1501 56 1508 -
170 1446 369 1546 pulsabant:
385 1465 459 1520 tuna
473 1464 594 1542 aptatae
606 1444 726 1544 ligneis
746 1445 873 1546 sagittis
895 1447 1033 1531 ballistae
1047 1448 1141 1524 flexu

171 1555 384 1652 slridoreque
399 1554 671 1652 torquebantur,
688 1541 1041 1652 creberrima'spicula
1065 1554 1146 1628 fun·

172 1670 343 1759 ditantes,
367 1669 406 1742 &
421 1666 643 1765 scorpiones,
663 1691 872 1766 quocunque
886 1677 1005 1743 manus
1026 1673 1147 1770 peritae

125 1783 128 1794 '
175 1777 368 1864 duxissent,
385 1775 555 1848 rotundos
575 1774 703 1870 lapides
715 1775 928 1850 evibrabant.
941 1783 1068 1855 lterum
1084 1782 1147 1855 de·

174 1885 257 1958 inde
278 1907 316 1955 ac
336 1878 422 1978 saepe
444 1881 622 1979 geminatis
643 1884 874 1978 congressibus
889 1939 900 1975 ,
916 1887 1061 1961 aeslusin
1074 1911 1148 1963 me·¹
1210 1911 1215 1922 ·

174 1989 489 2078 sidiemcrescens,
504 1988 756 2064 effervescente
765 1993 965 2088 vaporatius
978 1994 1071 2088 sole,
1083 2024 1149 2095 ap·

79 2096 82 2110 ⁵
173 2121 298 2204 paratu
317 2123 461 2197 operum
483 2101 521 2174 &
538 2097 650 2172 lludio
674 2099 859 2198 proeliandi
883 2102 1036 2181 intentos
1060 2134 1149 2184 cun·

177 2216 283 2301 sios,
309 2226 537 2284 revocaverat
568 2207 728 2338 fatigatos
755 2215 794 2288 δι
818 2214 945 2296 ¹sudore
967 2214 1150 2316 perfusos.

176 2321 311 2400 Eoden'r
331 2317 454 2393 mentis
479 2319 660 2417 proposito
676 2320 794 2396 secuto
817 2347 959 2427 quoque
994 2329 1050 2402 die
1087 2357 1151 2437 per

178 2433 273 2508 varia
288 2427 512 2508 certaminum
532 2451 653 2526 genera
668 2433 901 2508 controversae
915 2455 1029 2533 partes
1047 2439 1152 2533 dimi·
1239 2478 1244 2481 ·

180 2560 298 2618 cantes
317 2539 507 2622 instanter,
532 2537 639 2636 aequis
669 2542 826 2615 manibus
850 2546 892 2618 δι-
911 2547 985 2641 pari
1010 2545 1153 2628 fortuna
1219 2543 1223 2546 ’

180 2653 369 2731 discedunt.
390 2657 521 2726 Verum
534 2652 572 2725 in
585 2654 690 2728 omne
716 2655 895 2734 discrimen
915 2659 1050 2735 armatis
1068 2688 1154 2760 pro.

182 2763 296 2866 :ringus
307 2762 468 2859 Princeps
482 2761 783 2860 civitatisurgebat
793 2763 968 2838 excidium
979 2820 992 2856 ‚
1004 2792 1048 2841 ne
1060 2771 1153 2848 eirca

183 2896 311 2948 muros·
323 2870 381 2943 diu
396 2869 589 2970 excubans,
600 2871 774 2960 omitteret
786 2870 940 2966 majora,
955 2899 1033 2973 quae
1043 2898 1155 2954 tentas

118 2991 127 3039 ἱ
180 2983 254 3058 bat.
275 2981 341 3054 sed
364 2978 400 3052 in
426 2978 579 3054 dislrisiis
600 2979 847 3055 necessitatibus
873 2981 959 3068 nihil
985 3002 1052 3059 tarn
1074 2989 1155 3066 leve

184 3091 255 3182 est,
279 3089 376 3190 quod
395 3115 469 3164 non
490 3089 661 3168 interdum
674 3089 776 3163 etiam
790 3108 912 3163 contra
925 3090 1076 3189 sperata,
1100 3111 1157 3173 te-

185 3229 263 3278 rum
293 3197 408 3272 afferat
437 3216 612 3274 momenta
639 3219 847 3308 magnatum
868 3204 960 3275 Cum
981 3205 1100 3295 enirn,
1116 3228 1158 3288 ut

84 3391 92 3418 Ι
188 3311 305 3408 saepe,
326 3309 513 3385 discessurae
527 3330 639 3408 partes
656 3310 767 3384 levius
788 3335 1045 3409 concertarent,
1068 3321 1176 3425 abu-1
1233 3393 1242 3406 N

141 3443 144 3449 ·
188 3421 263 3498 sive
287 3419 416 3492 incusso
438 3420 563 3510 ariete,
585 3420 644 3518 qui
667 3421 771 3517 paulo
792 3447 870 3494 anre
889 3442 959 3496 erat
976 3427 1158 3523 admotus,

189 3531 351 3608 sternitur
368 3532 503 3605 residuis
528 3533 690 3606 omnibus
707 3533 811 3607 altior
833 3536 960 3623 turris,
974 3538 1079 3614 latere
1092 3570 1157 3617 co·

189 3643 260 3716 uili
276 3639 455 3736 firmissime
474 3633 613 3715 strusla:
627 3641 836 3736 cujusruina
849 3646 938 3729 muri
954 3650 1157 3746 contiguum

125 3823 129 3852 ,
187 3755 275 3830 latus
290 3750 400 3854 secum
416 3749 555 3823 immani
575 3750 712 3850 fragore
733 3752 913 3846 protraxit.
936 3755 1076 3831 lbirutn
1094 3784 1158 3833 va·
1266 3768 1270 3785 '

119 3967 128 3977 ἱ
235 3868 406 3940 Ammian.
426 3867 605 3943 Marcellia.
630 3871 666 3941 V
664 3872 704 3946 ot.
719 3867 770 3940 11.
833 3932 836 3939 ,
1008 3869 1036 3940 B
