2775 4284
247 261 335 355 a,x
398 181 664 316 inninn
689 231 1074 314 minorantur

251 399 418 497 flagravit.
430 397 563 493 Quibus
577 396 658 472 attis
676 398 835 497 pergebat
850 399 991 476 ulterius
1004 388 1214 498 lmperator,'

226 516 232 528 '
249 508 382 606 placida
393 532 461 604 ope
475 506 636 598 numinis,
645 526 683 579 ut
695 507 929 595 arbitrabatur,
940 507 1095 584 eredior.
1106 511 1216 584 Cum·

248 647 317 720 qne
330 619 584 718 Maogamalcha
598 617 767 724 veniliet,
787 620 906 693 urbem
922 643 1077 718 magnam
1098 623 1136 697 dt
1159 645 1224 696 va.

249 733 327 807 lidis
346 723 588 805 circumdatam
606 727 802 816 moenibus,
822 728 980 803 tentoriis
997 728 1075 805 fixis
1091 731 1217 829 provi·

248 842 301 916 dit
323 838 491 927 sollicite,
518 863 561 910 ne
583 839 688 914 castra
704 839 887 936 repentino
907 837 1076 938 equitatus
1092 838 1215 913 perfici

247 951 468 1027 turbarentur
488 947 648 1024 accursu:
667 946 766 1044 cujus
787 947 957 1025 fortitudo
986 949 1022 1021 in
1038 947 1127 1024 locis
1151 975 1214 1047 pa·
1258 1010 1260 1013 .

246 1059 398 1134 tentibus
421 1058 566 1131 immane
587 1079 752 1156 quantum
777 1059 934 1156 gentibus
953 1058 1001 1132 est
1020 1059 1216 1136 formidata.
1319 1101 1330 1112 ·

249 1170 293 1240 Et
319 1169 389 1239 hoc
410 1163 600 1261 disposito,
623 1164 766 1262 stipatus
788 1165 948 1240 velitibus
968 1168 1116 1265 paucis,
1138 1169 1210 1266 ipse

188 1345 192 1361 ,
249 1299 388 1377 quoque
409 1275 510 1372 pedes
525 1273 675 1347 civitatis
696 1273 793 1345 fitum
812 1273 966 1372 diligenti
990 1272 1212 1378 inquifitione
1312 1318 1317 1327 ·

248 1387 513 1483 exploraturus,
533 1384 569 1455 in
592 1381 799 1480 perniciosas
812 1385 1040 1484 precipitatus
1056 1386 1213 1477 insidias,

248 1519 294 1568 ex
311 1492 495 1590 ipsovitae
515 1489 707 1564 discrimine
727 1491 861 1565 tandem
887 1493 1029 1568 emertiu
1054 1496 1213 1596 Namque
1335 1527 1338 1531 ·

248 1631 310 1704 per
335 1605 496 1678 latentem
520 1604 640 1702 oppidi
661 1623 796 1702 portam
821 1603 929 1680 Persdc'
942 1592 1071 1680 'decem
1093 1605 1213 1680 armati

163 1743 166 1752 ’
247 1715 407 1814 degreffi,
420 1714 554 1812 imaque
574 1713 749 1788 clivorum
775 1715 999 1810 pervadentes
1024 1714 1215 1812 poplitibus
1264 1794 1267 1804 ,

222 1819 228 1828 ’
248 1825 450 1900 subsidendo
465 1877 476 1916 ‚
489 1823 670 1922 repentino
683 1825 815 1923 impetu
827 1813 964 1897 nollros
974 1827 1111 1924 aggredi
1124 1825 1213 1902 sunt.

248 1941 277 2012 E
294 1937 416 2036 quibus
431 1935 501 2009 duo
525 1933 794 2032 conspetliorem
808 1934 926 2008 habitu
941 1935 1131 2034 Principem
1143 1937 1215 2034 gla-

29 2026 32 2033 ’
117 2039 120 2046 ·
248 2043 313 2120 atis
332 2043 460 2142 periere
483 2041 659 2116 astruis:
681 2043 738 2115 sea
757 2042 907 2117 occurrit
926 2041 1047 2116 suibus
1066 2045 1213 2120 meum

124 2211 127 2222 ,
229 2153 348 2249 ,altius
366 2151 515 2226 scutum:
539 2172 611 2246 quo
634 2151 811 2223 contedus
824 2171 943 2247 magna
954 2148 1108 2249 elataque
1121 2151 1212 2228 tidu·

246 2264 302 2338 cia
323 2260 425 2332 unius
445 2255 542 2330 lateri
563 2255 689 2328 ferrum
708 2255 823 2329 infir‘tit
841 2283 852 2331 t
870 2257 1014 2332 alterum
1038 2261 1213 2361 stipatores

247 2364 480 2466 multiplicatis
501 2365 621 2442 idlib'us
643 2364 858 2440 occiderunt.
883 2354 1063 2460 Redduis,
1090 2394 1111 2443 e
1133 2370 1215 2470 qui·

186 2545 188 2560 ,
248 2481 312 2553 bus
327 2474 498 2552 vulnerati
519 2473 597 2548 sunt
615 2473 746 2573 aliqui,
765 2475 908 2572 disjettis
926 2475 964 2550 in
980 2475 1116 2576 fugam,
1130 2478 1214 2577 spo·

247 2589 401 2689 liatisque
421 2585 609 2676 ambobus,
623 2587 788 2660 reducens
801 2588 991 2662 incolumes
1005 2588 1119 2664 socios
1132 2613 1212 2664 cum

164 2769 168 2780 .
247 2699 384 2777 exuviis
401 2695 569 2776 remeavit
589 2700 632 2772 ad
654 2698 794 2790 castra,
819 2700 977 2774 omnium
998 2699 1116 2774 laetitia
1137 2727 1213 2776 ma·

249 2835 315 2910 gna
340 2806 521 2912 sulceptus.
548 2806 686 2880 Sustulit
709 2806 746 2880 in
767 2807 864 2882 hoste
883 2796 1054 2905 prostrato
1074 2836 1213 2886 aureum
1241 2869 1246 2874 .

249 2919 333 2995 colli
361 2917 491 2993 monile
514 2919 742 3016 Torquatus:
776 2917 865 2992 fudit
890 2917 1211 2998 confidentiffimuut
1256 3017 1258 3023 Ι

251 3029 387 3120 Gallum
404 3027 492 3103 alitis
509 3027 786 3127 propugnatione
804 3026 982 3116 Valerius,
1008 3027 1126 3128 possea
1148 3054 1215 3108 co-

250 3154 439 3238 gnomento
452 3138 647 3213 Corvinus:
668 3137 797 3236 hacque
810 3138 919 3237 gloria
930 3138 1117 3235 posteritati
1135 3139 1212 3216 sunt

250 3247 490 3323 commendati.
514 3273 595 3320 non*
607 3247 825 3324 invidemus:
841 3249 978 3323 accedat
987 3248 1057 3321 hoc
1070 3275 1212 3351 quoque

250 3357 479 3432 monumentis
503 3353 673 3431 veteribus
686 3355 828 3430 facinus·
839 3356 1031 3455 pulchrum.
1045 3359 1213 3436 Constra-

252 3469 296 3542 tis
321 3468 480 3572 postridie
496 3469 690 3567 pontibus,
721 3469 942 3568 exercituque
975 3468 1145 3567 trajetlo,
1168 3475 1211 3550 bt

67 3591 73 3602 ⁴
99 3646 103 3656 ,
250 3577 382 3654 metatis
393 3578 474 3686 alibi
494 3579 654 3654 salubrius
669 3579 783 3654 castris
804 3580 898 3654 vallo
914 3581 1046 3680 duplici
1062 3583 1209 3656 circum-

249 3689 577 3792 dullia,quonia1n,
595 3707 635 3766 ut
653 3690 829 3787 diximus,
854 3691 1060 3769 timebantur
1086 3687 1210 3770 solitu·
