2775 4284
106 341 110 348 ,
298 249 464 330 uerunt
484 247 742 329 cutauuu
762 250 842 325 ιιι.
861 248 991 328 xxrv.
1081 271 1127 349 ι,

48 441 52 444 ·
169 407 265 500 diuet
288 411 423 509 plane,
446 408 566 508 oppidi
586 405 728 506 suscepit
744 405 918 498 ‚obfidium
931 402 1135 502 ,periculo-

170 517 342 602 suntote
367 513 624 605 existimans‚ti
646 513 799 613 gradiens
813 513 969 612 prorsus,
991 541 1012 588 a
1032 533 1133 614 tergo

165 630 395 730 relinqueret,
408 651 498 726 quos
512 626 654 700 timeret.
670 626 755 699 Haec
779 624 862 698 dum
887 625 1134 725 magno-moli·

113 733 116 740 ’
169 741 263 816 mine
283 754 549 835 comparantur,
576 735 704 808 Surena
720 733 868 829 hollium
885 735 957 808 dux
983 730 1145 830 jumenta.
1300 804 1304 812 ,

169 848 332 936 adortus,
352 871 429 944 quae
446 849 483 916 in
501 843 587 918 lucis
615 841 818 940 palmaribus
838 841 1084 933 vescebantur,
1111 869 1134 919 ι

163 948 380 1044 cohortibus¹
397 953 520 1028 nostris
543 950 738 1048 repulsoriis
758 976 837 1027 curn
856 976 1045 1049 paucorum
1058 949 1136 1030 exi·

171 1062 224 1136 tio
241 1063 375 1148 babitus
396 1061 516 1136 frustra
536 1057 687 1135 disceffit.
713 1063 757 1134 Et
778 1060 922 1133 duarum
945 1059 1071 1154 incola
1085 1061 1147 1142 ct-

172 1170 319 1246 vitatum
333 1225 346 1262 ,
359 1196 442 1269 quas
462 1195 577 1272 amnes
596 1166 888 1266 amplexifaciunt
903 1168 1138 1271 insular,par·

171 1307 220 1358 va
249 1283 299 1358 sui
326 1279 455 1357 fiducia
474 1281 599 1379 trepidi
622 1282 664 1354 ad
687 1280 918 1379 Ctefiphontis
942 1282 1072 1356 moenia
1103 1280 1139 1358 se

171 1393 395 1468 contulerunt
415 1419 425 1471 r
449 1415 539 1490 pars!
562 1415 623 1488 per
653 1390 815 1466 srlvarurn
841 1389 962 1479 densa;
988 1390 1045 1465 alii
1075 1407 1139 1488 per

171 1504 311 1604 paludes
328 1503 455 1578 vicinas
477 1501 585 1576 alveis
596 1500 760 1575 arborum
773 1521 968 1577 cavatarum
985 1499 1139 1594 inverti,

172 1613 218 1688 ad
237 1614 375 1704 unicum
398 1613 561 1686 auxilium
578 1615 617 1688 &
637 1610 845 1710 potiffimum
866 1610 998 1686 itineris
1016 1609 1140 1712 longi,
1277 1619 1293 1652 ‘

171 1723 269 1818 quod
283 1720 472 1821 supererat3
486 1722 681 1809 dilabuntur
697 1775 709 1813 ,
730 1721 892 1795 ulteriora
911 1721 1052 1820 petituri
1066 1742 1138 1807 ter·

175 1853 300 1904 rarum.
324 1835 352 1902 E
374 1831 496 1926 quibus
522 1831 705 1904 resrssenres
732 1830 865 1927 aliquos
885 1831 991 1904 nollri
1014 1833 1140 1907 militee

176 1937 414 2017 trucidabant:
441 1938 511 2036 ipsu
526 1961 667 2037 quoque
689 1939 848 2014 lintribus
869 1943 908 2016 δι
927 1941 1061 2039 cymbis
1079 1965 1140 2038 per

40 2079 46 2120 ;
170 2049 273 2126 'varia
283 2049 505 2126 discurrentes
514 2051 702 2148 ‚captivos
722 2050 808 2125 alios
823 2051 962 2126 subinde
979 2053 1144 2150 perduce-

174 2165 268 2242 bant.
291 2165 330 2239 ld
351 2165 443 2238 enim
462 2185 534 2240 erat
564 2165 683 2242 librata
703 2168 836 2241 rarione
854 2166 1076 2265 disposrturn‚
1101 2183 1142 2253 ut

172 2277 257 2352 dum
278 2274 388 2373 copiae
410 2277 579 2376 pedestres
596 2302 715 2353 muros
733 2297 958 2380 oppugnant,
975 2278 1143 2377 equestres
1191 2311 1194 2319 ·

173 2405 295 2463 turmae
309 2386 428 2462 divisae
447 2412 507 2485 per
524 2389 647 2488 globos
662 2389 834 2489 abigendis
849 2389 1035 2464 infisterent
1051 2414 1142 2486 prae
1154 2443 1161 2448 -
1313 2384 1334 2436 7

175 2497 250 2572 dir·
267 2497 406 2596 hocque
429 2499 595 2594 proviso,
615 2501 713 2573 nullo
729 2499 997 2604 provincialium
1015 2497 1144 2588 damno
1241 2543 1247 2548 ·
1281 2522 1283 2527 ·

153 2655 156 2662 =
176 2606 274 2683 miles
296 2605 482 2680 visceribus
501 2607 646 2702 bulliunt
662 2591 866 2705 pascebatur.
880 2608 1146 2705 tanquelmpen
1269 2685 1275 2696 ¹

109 2788 114 2798 .
177 2733 272 2792 rator
283 2717 386 2794 muris
404 2718 596 2816 duplicibus
611 2719 801 2817 oppidum,
816 2717 939 2791 ordine
954 2717 1145 2793 circumda·

178 2847 250 2906 tum
272 2827 365 2904 trino
387 2827 591 2916 scutorum,
617 2830 674 2927 spe
703 2828 893 2928 patrandi
884 2828 1012 2925 incepti
1032 2829 1145 2925 ruari-

177 2938 243 3016 rnis
256 2939 386 3036 viribus
400 2941 630 3038 oppugnabat.
644 2943 709 3016 Sed
727 2960 765 3014 ut
784 2959 857 3016 erat
872 2941 1071 3014 necessarius
1084 2968 1146 3038 ap-

176 3051 327 3152 petitus,
347 3049 395 3122 ita
416 3051 611 3128 effeblures
634 3052 865 3126 difficillima:
895 3078 974 3142 narn
997 3053 1145 3129 accessus
1228 3141 1232 3148 t

164 3160 331 3258 undique
347 3159 488 3255 rupibus
501 3157 652 3233 anfractu
666 3161 807 3235 celslore
824 3159 988 3249 discitis,
1004 3159 1144 3238 flexuon

162 3263 286 3362 -srsque
299 3267 503 3367 excellibps,
517 3268 566 3342 ob
582 3269 769 3365 periculum
783 3293 908 3368 anceps
919 3270 1065 3344 adeundi
1079 3287 1146 3344 co··

179 3371 272 3472 piam
288 3374 495 3472 denegabat:
515 3378 663 3451 maxime
684 3403 764 3451 curn
776 3395 885 3453 turres
899 3377 1092 3451 celebritate
1105 3380 1156 3456 de,

180 3482 361 3557 altitudine
382 3481 631 3580 formidanda,
653 3489 964 3585 montemflsaxeurn
977 3487 1064 3562 arcis
1081 3516 1145 3562 na·

132 3605 136 3614 '
180 3587 333 3664 turaliter
359 3591 484 3666 editum
512 3597 716 3692 aequabant,
743 3599 782 3671 δι
803 3596 970 3695 proclivis
989 3595 1147 3694 planities

66 3713 76 3736 ⁸
97 3783 99 3786 ,
183 3699 318 3781 flumini
335 3701 523 3782 inninens-
540 3708 879 3814 propugnaculorum
898 3706 1056 3796 firmitate
1067 3731 1148 3810 mun
