2775 4284
224 301 291 372 74¹
395 263 1019 380 smutturusucarrrrtr
1114 248 1131 373 s

227 458 331 532 opera
344 438 482 514 curabat
497 435 607 531 enisa,
620 458 659 514 ut
672 437 844 516 veneficos
853 494 865 532 ,
874 438 934 540 qui
948 457 1030 515 tunc
1045 437 1188 514 rarescei

227 541 331 634 bant,
344 566 484 645 captos,
503 547 646 645 postque
660 548 800 646 agitatas
818 545 1019 645 quaestiones
1031 545 1190 620 ‘nocuisse

228 652 426 752 quibusdam
441 657 643 753 apertiffime
656 656 1033 748 confutatos,indicatis
1045 655 1192 731 consciis
1230 675 1243 693 “

227 784 339 841 morte
351 769 543 861 mutuaret,
552 787 654 868 atque
669 771 716 843 ita
730 795 920 868 paucorum
932 763 1121 843 discrimine
1135 792 1191 839 re·

225 870 352 970 liquos,
365 875 390 946 sr
404 875 463 973 qui
479 876 632 970 laterent,
650 878 834 952 formidine
843 879 976 976 parium
989 877 1192 950 exturbaret.

226 983 310 1056 Haec
326 984 426 1083 egisse
439 987 520 1062 ideo
536 989 720 1062 efficaciter
732 989 855 1079 sertor,
867 985 962 1085 quod
973 987 1095 1061 iuliani
1106 1009 1198 1083 pto·¹

224 1111 340 1168 motus
358 1098 507 1174 arbitrio·
524 1101 652 1199 agentis
666 1100 840 1175 etiamtum
863 1125 924 1198 per
935 1101 1069 1200 Syrias,
1082 1100 1118 1172 in
1136 1097 1193 1171 iti·
1293 1131 1296 1134 ·

225 1230 306 1280 nere
322 1235 428 1286 unum
443 1213 596 1288 amiserat
609 1213 769 1288 oculum:
784 1212 1051 1311 suspicatusque,
1064 1211 1199 1285 artibus-

226 1315 261 1390 se
285 1319 421 1398 nefariis
434 1324 641 1424 appetitum,
656 1323 746 1419 jusso
769 1326 930 1424 quidem,
952 1325 1007 1398 sed
1030 1323 1192 1398 inusitato

226 1427 351 1503 dolote
366 1433 440 1507 haec
452 1437 491 1508 δι
503 1434 567 1508 alia
583 1459 703 1532 magna
716 1434 912 1532 queritabat
933 1433 1102 1506 industria.
1116 1436 1194 1513 Utt-

229 1537 271 1610 de
285 1540 483 1636 quibusdam
497 1563 597 1616 atrox
611 1543 703 1616 visus
714 1543 778 1632 est,
790 1544 826 1616 in
840 1541 1107 1640 amphitheatrali
1119 1566 1195 1613 cur·

228 1644 340 1722 riculo
371 1649 523 1722 undatim
549 1667 697 1724 coeunte
730 1651 912 1748 aliquoties
938 1651 1058 1747 plebe,
1084 1647 1196 1723 causas

229 1750 409 1848 dispiciens
422 1754 605 1830 criminum
617 1755 857 1830 maximorum.
869 1758 1030 1861 Denique
1043 1757 1118 1854 posi
1131 1756 1197 1828 hu·

68 1891 72 1898 ·
165 1897 169 1902 ¹
229 1860 379 1958 jusmodi
407 1869 579 1944 vindicata
606 1869 808 1965 compluta,
834 1868 1024 1942 Hilarinum
1048 1867 1197 1964 aurigam

224 1979 430 2054 convislum
451 1999 551 2078 atque
572 1979 781 2071 confessum,
796 1981 949 2056 vixdum·
960 1980 1197 2079 pubescentem

115 2125 130 2150 a
225 2086 342 2163 dilium
365 2092 460 2166 suum
481 2090 640 2166 venefico
659 2090 850 2185 tradidisse,
870 2090 1064 2164 docendum
1090 2080 1198 2163 secre-

232 2199 321 2272 riom
336 2203 488 2296 quaedam
513 2199 641 2296 legibus
663 2197 859 2286 interdisia,
881 2217 924 2271 ut
944 2199 1039 2271 nullo
1057 2197 1199 2272 conscio

233 2305 445 2380 adminiculis
462 2303 638 2401 juvaretur
652 2303 816 2390 internis,
837 2303 972 2400 capitali
984 2304 1200 2378 animadver-

105 2423 111 2435 “
171 2467 177 2478 ·
232 2415 327 2489 sione
347 2415 540 2490 damnavit:
558 2415 618 2514 qui
638 2413 748 2488 laxius
765 2413 931 2488 retinente
953 2413 1124 2497 carnifice,
1148 2411 1224 2487 su·'

234 2522 310 2598 bito
332 2524 441 2620 lapsus
463 2524 619 2625 confugit
642 2528 683 2599 ad
706 2526 791 2600 titus
805 2527 985 2600 Christiani
999 2525 1200 2614 sacrarium,

161 2705 166 2711 .
234 2635 480 2734 absitaslusque
492 2639 616 2710 exinde
629 2637 725 2710 illico
745 2637 881 2711 abscissa
895 2637 1030 2712 cervice
1045 2636 1199 2710 consum·

235 2761 292 2819 tus
309 2746 366 2820 esl.
390 2751 516 2820 Verum
534 2749 607 2820 haec
628 2745 816 2842 similiaque
838 2766 910 2820 tum
925 2747 1026 2818 etiam
1047 2764 1085 2817 ut
1102 2769 1202 2817 coer·
1252 2807 1253 2810 ,

145 2933 149 2942 Ι
237 2857 441 2930 tenda-mox
456 2859 676 2948 cavebantur,
687 2860 726 2932 δι
741 2857 839 2949 nulli,
852 2857 910 2932 vel
923 2857 1107 2930 admodum
1120 2882 1203 2953 pau·

236 2967 293 3058 ci,
314 2968 350 3040 in
373 2968 424 3041 his
449 2969 573 3043 versati
591 2963 745 3068 flagitiis,
767 2968 881 3068 vigori
901 2970 1042 3066 publico
1064 2967 1204 3042 insulta-

237 3096 338 3152 runt:
354 3077 408 3152 sed
430 3073 584 3176 tempore
599 3080 734 3168 secuto,
754 3080 916 3178 longaeva
937 3078 1117 3176 imptmitas
1137 3106 1204 3151 nn·

238 3188 338 3263 trivit
352 3189 533 3281 immania,
555 3191 658 3288 usque
671 3216 715 3266 eo
730 3191 892 3291 grassante
905 3183 1061 3277 licentia,
1077 3208 1115 3262 ut
1128 3190 1205 3262 imi·

153 3340 159 3352 *
238 3315 328 3372 tatus
345 3299 535 3373 Hilarinum
555 3300 692 3398 quidam
717 3299 876 3390 senator,
889 3297 1090 3397 servumque
1109 3293 1205 3384 suum
1312 3331 1319 3336 ·

239 3407 347 3482 modo
358 3433 430 3482 non
446 3435 506 3507 per
518 3409 746 3510 syngrapham
764 3409 894 3491 arcanis
913 3397 1137 3506 piacularibus
1150 3410 1206 3482 in·

239 3520 430 3596 ducendum
442 3524 641 3598 commisisse
655 3523 791 3597 dosioti
801 3523 964 3603 malarum
983 3523 1105 3596 artium
1119 3519 1204 3595 con'·
1242 3573 1246 3580 -

197 3702 200 3712 ,
239 3629 389 3725 futatus,
406 3632 608 3731 supplicium
633 3633 813 3708 redimeret
836 3635 953 3730 opima
974 3631 1147 3718 mercede,
1167 3647 1206 3699 ut

142 3833 146 3840 ί
239 3742 392 3824 crebrior
412 3743 501 3819 sama
518 3745 682 3846 vulgarat.
698 3743 795 3844 Isque
807 3745 877 3845 ipse
890 3745 958 3820 hoc
972 3767 1093 3844 genere
1106 3795 1118 3830 ,
1133 3761 1206 3840 quo
