2775 4284
243 236 316 309 ιω
409 196 662 307 luurnur
691 224 1041 312 muneremur

238 422 318 471 cum
338 394 461 469 milites
484 394 645 491 quosdam
660 394 778 482 tuille,
796 398 836 470 dt
855 397 887 468 se
904 396 1118 471 vulneratum
1142 392 1220 491 ian-j

239 526 357 598 parem
374 501 448 575 fore
464 500 708 575 certaminibus
730 503 920 575 adverteret
939 502 1090 589 crebris,
1104 501 1218 573 docio
1239 557 1242 561 -

199 614 206 629 ”
240 610 465 707 imperatore,
481 608 564 705 quid
576 609 630 705 agi
641 610 779 681 deberet
790 609 851 698 ,jd
864 608 911 681 est
925 610 1087 705 adeptus,
1100 627 1137 679 ut
1154 633 1219 703 pe·

237 721 346 821 ditum
376 718 529 817 magister
553 719 696 791 Severus
724 720 928 815 opitulatum
960 720 1072 792 rebus·
1097 717 1218 792 dubiis

213 829 429 923 adveniret.
442 828 514 921 Qui
537 828 664 902 ducens
685 830 826 908 militem
839 828 888 900 rei
900 829 1121 902 sufficientem
1134 852 1218 902 curn
1277 843 1284 846 ’

140 1027 144 1037 γ
240 938 385 1013 veniffet
404 940 447 1035 ad
471 939 574 1027 loca,
596 939 833 1023 discriminatis
851 941 1029 1014 ordinibus
1049 941 1219 1013 barbaros

243 1068 323 1123 ante
346 1047 626 1143 colludlationem
653 1050 739 1121 adeo
762 1049 885 1120 terruit
912 1051 950 1122 δι
978 1050 1157 1138 turbavit,
1177 1064 1220 1138 ut

243 1186 308 1237 nec
322 1160 563 1236 controversas
584 1179 803 1256 opponerent
816 1181 955 1249 manus,
971 1161 1027 1233 sed
1042 1161 1219 1258 signoruni

245 1273 502 1371 aquilarumque
535 1270 673 1370 fulgore
699 1271 873 1368 prestridi
900 1272 1069 1353 venialem
1094 1270 1221 1366 posce·

243 1406 321 1459 rent
340 1409 469 1480 pacem.
495 1384 635 1480 Diuque
660 1384 797 1457 variatis
819 1348 991 1474 edifitiis,
1009 1410 1086 1455 curn
1103 1381 1139 1454 id
1152 1381 1221 1453 rei·

245 1496 392 1599 publicae
419 1496 613 1569 conducere
636 1493 832 1581 videretur,
863 1493 965 1587 patris
994 1492 1157 1582 indutiis,
1176 1496 1222 1569 Bc

60 1594 64 1604 ’
152 1692 154 1699 y
247 1606 330 1679 datis
345 1630 388 1677 ex
402 1602 603 1706 conditione
623 1594 800 1699 ¹proposita
818 1600 1001 1697 juvenibus
1021 1602 1135 1673 multis
1156 1603 1222 1675 lta·

248 1717 376 1791 bilibus
395 1717 438 1787 ad
462 1713 640 1819 militiam,
657 1712 827 1787 discedere
848 1711 996 1809 permilli
1019 1712 1093 1783 sunt
1112 1714 1222 1784 saro·

211 1847 214 1862 ¹
247 1826 420 1915 neS‚s1ne
443 1824 710 1922 impediment0‚
725 1824 814 1896 unde
839 1842 1019 1906 venerant,
1039 1822 1223 1901 reversuri.

231 1937 387 2031 ,Quibus
402 1937 499 2010 omni
520 1933 587 2029 jam
602 1931 788 2005 formidine
803 1932 920 2006 vacuis
934 1930 1145 2029 reditumque
1162 1958 1223 2027 pa·

247 2048 429 2136 rantibus,
456 2046 595 2122 occulte
620 2045 751 2141 pedites
774 2044 857 2115 miffi
885 2042 1026 2115 insidias'
1046 2043 1081 2113 in
1107 2042 1223 2117 abdita

247 2154 393 2251 quadam
407 2152 498 2223 valle
515 2152 725 2247 struxerunt,
739 2151 831 2223 unde
846 2167 1087 2245 praetereuntes
1105 2172 1223 2245 aggre-

251 2266 288 2337 di
310 2263 452 2361 negotio
474 2278 631 2357 poterant
647 2261 744 2333 levi:
762 2262 819 2333 sed
836 2262 937 2357 longe
956 2262 1054 2334 secus
1075 2263 1223 2349 accidit,

250 2398 355 2471 quam
375 2370 580 2466 sperabatur.
599 2368 722 2443 Sonitu
744 2367 834 2441 enim
861 2368 1120 2442 adventantium
1145 2394 1225 2472 per·

252 2480 314 2557 citi
332 2480 497 2553 exsiluere
510 2478 645 2575 quidam
668 2476 928 2575 intempestive,
945 2480 1073 2576 visique
1090 2480 1224 2571 subiro‘,

253 2594 333 2683 dum
359 2591 392 2663 se
416 2588 548 2679 firmare
569 2589 964 2677 festinant,=ululantibus
984 2590 1127 2689 lugubre
1140 2596 1225 2683 bar·

253 2702 344 2777 baris
359 2718 542 2772 vertuntur
562 2698 598 2772 iu
617 2700 730 2795 pedes.
748 2699 876 2787 Stetere
901 2717 1014 2769 tamen
1032 2717 1114 2771 mox
1140 2726 1225 2773 con·

153 2837 155 2841 ·
254 2811 410 2911 globati,
431 2828 648 2905 extremaque
668 2808 763 2893 sorte⁷
781 2808 874 2904 vires
891 2806 968 2883 licet
992 2797 1062 2880 noir
1080 2810 1225 2907 integrat
1303 2808 1306 2814 ’

254 2920 472 3016 suggerente,
489 2916 672 3013 confligere
693 2917 903 3013 cogebantur
917 2944 927 2989 r
942 2917 1113 3013 multaque
1133 2920 1225 2991 caede

255 3026 400 3127 perculsi
422 3026 645 3099 concidillent
660 3024 756 3098 nullo
775 3028 920 3116 reddo,
937 3026 982 3096 ni·
994 3029 1226 3124 cataphraclo-

250 3164 334 3221 ‘rum
362 3136 516 3235 equitum
549 3161 700 3221 cuneus,
725 3136 767 3207 nd
792 3134 1003 3228 inferendum
1019 3135 1246 3232 periculum*

257 3245 676 3319 transeuntibttebarbaris
702 3269 745 3316 er
763 3245 832 3317 alio
854 3246 957 3316 latere
978 3267 1088 3343 prope
1107 3246 1227 3317 divor·

241 3340 492 3443 ‚tium'itineris
512 3357 585 3453 pari
606 3358 713 3427 modo
730 3356 887 3447 locatus,
908 3346 1060 3429 clamore
1080 3357 1226 3453 percitua

258 3467 346 3543 tristi
360 3469 490 3569 agi-liter
504 3468 718 3543 subvenillet.
735 3470 827 3548 Exin
836 3470 1041 3572 concursum
1057 3468 1228 3570 infestius,

254 3580 463 3677 'firmatisque
483 3580 675 3677 pedoribus
698 3580 779 3651 hinc
800 3580 880 3651 inde
895 3580 1143 3652 incumbentes·
1153 3579 1227 3647 Ro·

261 3692 352 3773 nani
366 3690 496 3771 clausos
505 3690 617 3767 bolles
629 3691 755 3787 eduliis
764 3691 882 3792 gladiis
890 3692 1240 3791 obtruncabantzncc·
