2775 4284
243 289 316 359 224
403 261 659 338 ΑΜΜΙΑΝΙ
693 255 1055 334 unucutttut

242 426 321 502 sunt
345 425 444 499 rudes
468 422 652 511 nonnulli,
675 438 714 494 ut
738 445 912 517 nunquam
937 417 971 491 se
993 415 1132 492 codices
1151 413 1228 490 ha&

242 534 350 612 buisse
372 531 600 606 meminerint.
624 529 714 602 Etsi
736 529 773 601 in
798 529 930 603 circulo
952 529 1133 602 dubiorum
1152 551 1224 597 au·

245 644 349 720 eloris
376 644 502 720 veteris
528 640 687 714 inciderit
717 664 870 728 nomen,
894 637 994 735 piscis
1025 658 1084 712 aut
1110 633 1222 710 edulii

243 752 459 852 peregrinum
487 747 550 821 esse
579 747 786 822 vocabulum
814 745 1048 818 arbitrantur:
1073 744 1099 816 si
1127 765 1222 817 vero

244 863 378 936 advena
396 857 570 959 quisquam
594 855 789 962 inusitatum
808 853 870 926 fibi
889 872 987 928 antea
1002 852 1221 926 Marcianum

246 973 361 1046 verbo
379 990 477 1046 tenus
493 968 660 1067 quaesrerit
681 952 876 1054 oratorem,
895 979 1016 1040 omues
1039 956 1224 1037 confestim

246 1081 446 1154 Marcianos
470 1075 631 1174 appellari
646 1075 678 1148 se
702 1074 845 1172 fingunt
867 1060 971 1146 Nec
961 1099 1029 1166 lam
1051 1072 1225 1148 sasullum

247 1216 320 1290 prae
342 1188 455 1274 oculis
477 1187 624 1272 habent:
641 1185 699 1258 sed
718 1205 880 1284 tanquam
902 1185 1057 1258 avaritiae
1072 1209 1225 1258 venum·

245 1300 318 1396 dati
332 1304 371 1375 &
391 1297 564 1392 usucapti,
578 1297 662 1370 nihil
677 1316 801 1392 praeter
817 1297 1068 1391 interminatam
1080 1293 1223 1392 petendi

244 1410 424 1484 licentiam
443 1425 583 1482 norunt.
607 1411 650 1482 Et
664 1409 813 1504 siquem
835 1407 935 1482 semel
956 1409 1043 1482 intra
1065 1410 1151 1482 retia
1164 1432 1226 1481 ce-

248 1520 388 1620 perint,
408 1517 548 1606 caffibus
571 1517 663 1589 mille
686 1517 912 1614 impedicant,
934 1545 994 1615 per
1016 1521 1226 1592 morborum

248 1628 501 1706 simulationem
532 1628 676 1718 vicissim
703 1629 863 1727 consulto
898 1630 1092 1703 cessantes:
1117 1649 1227 1725 utque

252 1738 446 1840 pervulgati
460 1736 543 1831 juris
559 1736 750 1833 proseratur
766 1738 867 1810 lertio
881 1763 986 1829 vana,
1000 1739 1127 1837 septem
1139 1762 1229 1811 ven·

251 1847 373 1920 dibiles
401 1845 562 1938 introitus
592 1865 806 1943 praeparant,
832 1848 1036 1925 dilationum
1067 1847 1228 1922 examina

250 1957 445 2058 longissima
466 1977 700 2032 contexentes.
725 1961 865 2043 Etcum
886 1960 1020 2033 nudatis
1041 1957 1230 2057 litigatori·

253 2073 317 2144 bus
332 2070 404 2142 dies
418 2067 594 2157 cesserint,
610 2072 647 2142 δι
665 2068 818 2158 menses,
832 2073 870 2144 δι
890 2069 994 2160 anui,
1008 2070 1140 2169 tandem
1162 2070 1230 2142 ob·

254 2183 335 2256 trita
356 2181 521 2252 vetustate
542 2179 779 2253 controversia
798 2178 1007 2262 intromissa,
1028 2179 1096 2278 ipsa
1116 2179 1228 2276 capita

253 2289 445 2387 splendoris
464 2287 604 2386 ingressa
623 2286 687 2372 alia
717 2289 830 2358 secum
854 2290 1109 2362 advocatorum
1130 2290 1230 2362 simu·

256 2401 357 2494 lacra·
375 2398 553 2481 inducunt.
579 2398 740 2495 Cumque
764 2397 853 2471 intra
876 2399 1109 2490 cancellorum
1121 2424 1230 2473 vene·

255 2510 328 2586 rint
352 2508 469 2607 septa,
496 2508 535 2582 &
559 2507 612 2607 agi
639 2509 809 2604 coeperint
833 2509 976 2605 alicujus
1000 2509 1148 2584 fortunae
1174 2507 1231 2583 vel

257 2620 367 2710 salus,
378 2639 481 2718 atque
492 2618 640 2692 laborari
654 2621 775 2694 debeat
786 2674 798 2712 ,
811 2637 851 2693 ut
869 2622 912 2694 ab
934 2620 1068 2695 insonte
1079 2621 1230 2721 gladius,

256 2735 319 2807 vel
354 2722 549 2808 calamitosa
584 2729 784 2804 detrimenta
814 2733 1007 2827 pellantur,
1039 2730 1230 2830 corrugatis

259 2843 439 2918 hincinde
463 2839 655 2926 frontibus,
679 2839 892 2940 brachiisque
915 2839 1117 2914 histrionico
1137 2838 1231 2939 gestu

257 2950 437 3036 formatis,
451 2968 489 3020 ut
509 2949 734 3025 concionaria
753 2950 901 3026 Gracchi
916 2949 1025 3023 fislula
1042 2948 1118 3045 post
1138 2946 1233 3020 occi·

258 3061 382 3162 pitium
408 3059 729 3150 desit,cons1siitur
757 3061 953 3138 altrinsecus
976 3061 1055 3134 diu:
1080 3060 1234 3132 tandem·

261 3195 331 3268 que
349 3169 652 3270 exfpraemcditato
666 3171 843 3260 colludio,
858 3196 1030 3269 pereum,
1050 3170 1113 3268 qui
1132 3168 1233 3242 estin

172 3279 176 3284 ’
260 3281 370 3354 verba
383 3277 545 3368 fidentior
552 3335 565 3367 ,
577 3280 679 3352 suave
690 3283 863 3379 quoddam
877 3283 1085 3379 principium
1101 3280 1234 3356 dicendi

260 3388 446 3476 exseritur,
461 3389 677 3462 Cluentianae
702 3391 761 3462 vel
779 3414 844 3487 pro
859 3392 1089 3489 ctefiphonte
1100 3390 1234 3464 oratio·

191 3582 193 3588 ,
261 3526 345 3575 ιιιιιιι
361 3499 483 3572 aemula
498 3517 699 3572 ornamenta
718 3502 946 3596 promittens·
963 3502 1049 3575 &ru
1062 3527 1135 3574 eam
1150 3525 1234 3575 con
1320 3499 1334 3511 ‘

263 3582 477 3699 cl'ufionem,
500 3606 629 3700 cunslis
653 3609 755 3684 finem
777 3613 1013 3717 cupientibuS,
1034 3613 1174 3703 desinit,
1198 3628 1277 3688 ute

266 3723 422 3798 nondum
450 3721 483 3795 se
513 3719 652 3820 patroni
676 3723 753 3825 poll
776 3712 923 3825 speciem
949 3724 1019 3807 lira
1051 3723 1235 3800 triennium
