2775 4284
244 255 292 350 ἰο
402 266 659 350 Άιιιιιιιιιι
685 273 1055 352 mtncstntut

242 429 445 506 obumbrata
460 432 542 507 enti
561 431 645 508 facie
658 431 853 531 fragmentis
866 433 1037 508 montium
1050 436 1091 510 &
1103 429 1213 507 ninia

243 537 355 628 libus,
370 563 458 638 egre
470 538 620 637 repulsus
632 541 791 617 abscetiit.
816 542 879 616 His
892 543 1015 640 raptim
1029 566 1069 616 ac
1082 539 1213 615 ttunul·

192 730 201 747 ‚
243 645 352 722 tuarie
373 647 524 750 agitatis,
545 673 624 724 curn
644 651 829 750 operositas
848 649 1026 726 vinearum
1050 653 1089 726 δι
1108 674 1212 749 agge·
1335 725 1342 736 ,

244 779 321 830 runt
342 755 588 856 impeditiffime
605 760 760 836 reeteris
779 761 976 860 urgentibus
990 779 1214 834 cerneretur:

244 866 452 958 machinam,
465 890 541 968 qute
554 870 820 971 cognominatur
833 871 1038 971 Helepoiis,
1048 868 1136 966 juffit
1149 893 1214 941 ex·

246 975 392 1076 peditius
406 976 563 1055 fabricari
575 1003 586 1050 ι
602 1007 682 1078 qua,
696 999 734 1055 ut
747 979 844 1078 supra
857 983 1050 1068 docuimus,
1062 977 1214 1054 retrusus

246 1085 645 1188 Demetrius,'superatis
667 1091 805 1190 oppidis
827 1091 978 1192 pluribus
1000 1090 1214 1165 Poliorcetes

246 1196 432 1297 appellatus
451 1197 509 1274 est.
534 1201 589 1272 Ad
611 1201 699 1275 hanc
720 1201 847 1276 molent
870 1199 1062 1300 ingentem,
1076 1199 1214 1295 supera·

246 1323 357 1383 turam
381 1306 543 1390 celsarum
564 1311 711 1386 turrium
727 1309 854 1400 minas,
880 1310 1113 1408 prohibitores
1126 1333 1215 1383 ocu·

246 1415 362 1492 lorum
385 1417 490 1494 aciem
509 1417 672 1494 intentius
696 1419 932 1512 conserentes,
950 1419 1134 1518 itidemque
1156 1417 1213 1492 in·

246 1529 401 1604 stantiam
416 1530 642 1606 obsidentium
658 1530 919 1628 perpensantes,
935 1528 1049 1603 subito
1069 1547 1212 1622 vertun-

108 1658 111 1667 “
244 1658 302 1718 tur
319 1643 363 1716 ad
387 1665 531 1738 preces:
553 1639 816 1738 circumfufique
841 1658 1037 1739 pertumes
1057 1664 1099 1712 ac
1118 1657 1214 1709 moe·

246 1752 341 1826 nium
365 1749 494 1843 minas,
522 1755 560 1829 &
583 1750 685 1827 sidem
712 1751 904 1826 Romanam
924 1746 1035 1845 pansis
1058 1742 1214 1821 manibus

245 1857 496 1958 protestantem·
503 1863 609 1938 vitam
632 1889 726 1938 cunr
733 1861 837 1936 venia
860 1857 1084 1959 postulabant.
1105 1852 1212 1931 Cum-

243 1990 313 2062 que
330 1967 462 2045 cessasse
475 1991 604 2069 opera,
617 1975 664 2060 §t
687 1971 878 2046 munitores
898 1965 985 2040 nihil
1000 1979 1129 2038 tentare
1151 1958 1212 2032 vi
1216 1971 1221 1978 ·

127 2107 129 2114 ’
241 2075 361 2152 desem
376 2078 518 2153 ulterius
527 2083 649 2182 quod
661 2100 784 2175 quretrs
798 2094 870 2150 erat
882 2075 1047 2149 andierunt
1060 2087 1210 2145 certum:
1218 2130 1221 2136 .

136 2178 146 2193 “
244 2186 380 2284 copiam
409 2187 469 2262 sibi
494 2190 566 2262 dari
594 2186 795 2263 conserendi
816 2183 980 2259 sermonis
1007 2207 1086 2255 cum
1115 2181 1219 2255 Hor·

244 2293 349 2372 misda
375 2295 571 2392 poscebant.
597 2295 779 2398 Hocque
768 2311 971 2392 impetrato,
994 2283 1213 2365 Mamersides

84 2400 90 2426 ⁸
243 2404 477 2502 prandiorum
492 2404 667 2504 prefesius
687 2402 844 2479 demissus
856 2426 917 2501 per
928 2399 1065 2490 sunem
1078 2395 1213 2474 duetus·

243 2537 312 2612 que
328 2515 370 2588 ad
390 2516 628 2613 imperatorem
639 2571 652 2604 ,
665 2534 704 2589 ut
720 2511 932 2601 obsecravit,
949 2511 1021 2584 vita
1044 2535 1122 2584 cunt
1144 2509 1214 2581 im

180 2681 184 2692 .
242 2625 396 2722 punitate
420 2625 480 2699 fibi
512 2624 794 2722 consortibusque
821 2623 888 2700 suis
915 2622 1058 2698 firmiter
1092 2621 1213 2722 pasta,

242 2733 352 2808 redire
384 2733 559 2832 permissus
591 2733 648 2808 est.
683 2733 864 2832 Gestisque
902 2729 1086 2823 nuntiatis,
1116 2729 1213 2827 plebs
1250 2805 1252 2810 Α

242 2841 357 2918 omnis
377 2842 555 2944 utriusque
564 2842 667 2920 sexus
679 2845 724 2916 ad
743 2841 944 2918 sententiam
968 2840 1060 2914 suam
1083 2838 1216 2914 maun

241 2951 411 3050 acceptis,
430 2977 512 3050 pace
531 2952 700 3028 foederata
716 2977 795 3026 cum
811 2950 1017 3051 religionum
1031 2948 1214 3024 consecra·

241 3059 395 3136 tionibus
418 3057 517 3149 fidis,
544 3062 714 3160 pantanis
738 3062 909 3161 egreditur
932 3060 1065 3158 portis,
1087 3057 1213 3131 saluta

243 3193 315 3243 rem
332 3169 469 3270 genium
492 3170 644 3247 affulfiffe
669 3170 732 3246 sabi
753 3171 929 3248 clamitans
952 3171 1118 3246 Caesarenr
1141 3193 1214 3242 ma·

89 3318 118 3357 ι,
243 3305 348 3381 gnum
373 3281 413 3356 δι
439 3280 565 3360 lenem.
590 3285 776 3358 Numerata
799 3283 876 3360 sunt
901 3301 1014 3358 autem
1035 3280 1214 3357 dedititio-

230 3396 321 3466 'tum
340 3390 413 3466 duo
429 3392 534 3467 millia
560 3395 600 3470 &
628 3392 835 3494 quingenti.
826 3419 837 3440 0
856 3419 934 3470 nam
959 3409 1081 3469 cetera·
1093 3389 1215 3464 multi

245 3501 332 3576 tudo
365 3501 535 3579 obsidium
568 3519 648 3578 ante
676 3499 888 3600 suspesians,
918 3499 1065 3600 navigiis
1095 3499 1214 3597 parvis

142 3604 145 3610 ’
246 3630 423 3710 permeato
438 3637 550 3692 amne
557 3613 592 3690 di
594 3611 709 3688 sceffit.
733 3612 773 3684 in
787 3611 849 3686 hac
862 3635 941 3686 arce
957 3633 1132 3684 armorum
1153 3609 1214 3682 ali

248 3741 513 3868 meritorumque
528 3722 631 3857 copia
648 3739 783 3822 reperta
801 3721 848 3799 est
865 3719 1035 3800 narina·
1050 3720 1140 3815 uode
1151 3741 1220 3806 ne·
