2775 4284
158 263 198 404 j,
292 282 461 368 uenum
484 263 749 373 castinum
761 291 840 371 ua.
853 294 1010 373 amur
1084 297 1135 398 e,
1213 399 1216 420 Ι
1323 310 1330 332 .

131 452 334 555 justiffima
358 437 607 531 commoventem.
641 460 714 532 Hac
748 456 914 533 sermonis
943 435 1138 587 placiditate
1249 493 1265 520 1¹

169 564 297 643 molliti
321 587 441 639 omnes·
446 567 531 664 ,qui
553 568 675 641 acriter
689 588 855 643 venerant
872 561 1075 669 pugnaturi,
1092 570 1138 644 fi·
1169 580 1175 599 “

170 696 319 773 gnorum
341 678 493 775 apicibus
511 680 710 777 aquilisque
714 680 887 755 stnnmiffis
908 681 1081 756 descivere
1096 684 1139 755 li·

72 817 76 827 ’
170 777 342 861 bentesad
358 815 458 863 eumz
472 793 509 865 dc
525 816 590 889 pro
604 789 754 867 terrifico
768 792 904 867 fremitu
916 807 1041 893 ‚quem
1057 795 1139 867 bat·
1158 872 1162 878 ,

169 896 244 969 bari
271 898 390 971 dicunt
419 901 609 992 barritum,
633 920 865 1002 nuncupatum
893 908 1139 1029 Imperatorem

115 1076 121 1083 ,
168 1004 395 1117 stipatumque
411 1011 454 1085 de
473 1032 598 1103 more,
621 1010 902 1086 consentientes
883 1039 929 1084 m
954 1038 1060 1085 unum
1083 1036 1141 1085 re·

166 1102 344 1191 duxerunt
364 1118 407 1193 ad
430 1121 560 1211 castra,
581 1112 689 1196 tellati
715 1145 814 1197 more
836 1121 965 1196 militiae
987 1123 1171 1228 lovem„

168 1227 339 1305 invictum
367 1233 575 1336 Procopium
597 1231 694 1307 sore

33 1363 36 1371 ·
96 1400 102 1413 .
167 1343 311 1434 Vlll.
324 1344 415 1420 Huic
428 1342 651 1473 perduellium
666 1344 881 1471 prosperitati
897 1318 1011 1418 latior
1021 1342 1140 1418 ¹--accet'

171 1450 223 1527 sit.
243 1452 435 1527 Rumitalca
455 1453 545 1527 enim
564 1454 750 1531 tribunus
740 1482 776 1528 m
799 1451 993 1529 societatem
1008 1457 1140 1527 Proco-

174 1562 355 1659 pianorum
376 1563 520 1653 ascitus,
534 1566 573 1639 δι
588 1565 737 1665 suscepta
750 1565 989 1663 curapalatii,
1010 1564 1143 1663 ‹ligello

175 1678 305 1747 mature
318 1674 713 1779 contiliopermixtoque
726 1702 805 1751 cum
816 1675 992 1764 militibus,
1002 1674 1086 1747 mari
1095 1672 1141 1745 ad

176 1786 379 1879 Drepanum
400 1783 519 1875 antea,
534 1813 626 1860 nunc
643 1786 887 1884 Helenopolim
910 1786 1008 1858 venit
1021 1784 1141 1872 ,exin-

174 1895 286 1990 deque
318 1894 467 1969 Nicaeam
492 1897 548 1993 spe
572 1896 718 1971 celerius
734 1893 939 1992 occupavit.
965 1895 1019 1966 Ad
1038 1895 1140 1989 quant

171 2000 389 2073 obsidendam
413 2025 499 2073 cum
515 1998 710 2095 hujusmodi
731 2013 924 2101 pugnarum
943 2000 1057 2100 peritis
1071 2003 1144 2072 Va·

173 2108 332 2181 domatio
345 2108 442 2182 misso
457 2134 501 2183 ex
521 2112 606 2185 duce
620 2112 659 2186 δι
676 2138 753 2213 tege
767 2114 1056 2202 Alamannorum,
1067 2112 1145 2183 Va

164 2216 500 2321 lensNicomediam
519 2221 637 2321 pergit.
654 2224 854 2325 Exindeque
866 2221 1055 2326 promtius,
1075 2240 1142 2317 op·
1190 2220 1195 2238 '

174 2330 377 2427 pugnatiom
368 2317 626 2407 Chalcedonis
645 2335 777 2433 magnis
799 2333 932 2407 viribus
949 2318 1144 2405 insistebat}

20 2484 23 2493 ,
176 2438 304 2534 cujuse
318 2440 424 2513 muris
439 2442 938 2539 probraineumjaciebantur‚
952 2439 1143 2532 &injurio-

176 2546 209 2619 se
223 2548 496 2645 compellabatur
506 2572 546 2624 ut
556 2552 753 2645 Sabajariua.
768 2551 825 2625 Esl
841 2569 955 2624 autem
970 2548 1078 2641 sabaia
1096 2572 1143 2621 ex

176 2657 311 2745 hordeo
337 2657 394 2729 vel
413 2656 585 2733 frumento
611 2659 646 2731 in
674 2658 846 2757 liquorem
861 2657 1037 2732 conversis
1056 2680 1143 2754 pau·

175 2762 329 2862 pertinus
353 2763 389 2837 in
413 2764 556 2865 illyrico
578 2767 703 2866 potus(
717 2769 829 2845 tetrus
853 2768 998 2864 denique
1022 2765 1143 2862 inopia

173 2898 451 2965 commeatuum,
467 2877 506 2951 δι
526 2876 756 2953 obstinatione
778 2876 882 2950 nimia
904 2874 1144 2966 defensorum,

173 2982 342 3057 discedere
362 2981 428 3078 jam
451 2983 613 3081 parabata
635 3010 713 3059 cum
729 2984 819 3057 'inter
842 2986 917 3058 haec
933 2982 1035 3058 claust
1052 2984 1143 3081 apud
1242 3056 1246 3062 .

50 3140 53 3146 ·
141 3082 146 3105 ’
177 3092 354 3179 Nicaeam,
377 3088 548 3186 patefactis
576 3090 689 3165 subito
720 3091 829 3189 portic
856 3090 1000 3191 egredi,
1025 3088 1148 3164 muni·

87 3272 89 3276 .
176 3219 291 3277 torum
308 3230 426 3305 magna
440 3224 534 3302 parte
557 3203 745 3301 prostrata,
765 3203 906 3307 dusiote
920 3200 1139 3277 fidentitiimo

175 3315 367 3391 Rumitalca
398 3316 626 3415 properabant
658 3317 839 3405 ardenter,
868 3312 1136 3390 circumventuri
1207 3366 1210 3370 «

176 3422 354 3497 Valentem
378 3451 397 3498 a
418 3444 540 3525 tergo,
557 3426 712 3503 nondum
729 3452 748 3501 a
765 3419 1144 3499 Chalcedonos'subur·

177 3530 270 3606 bano
299 3533 500 3633 digressum:
521 3536 757 3632 &patrassent
778 3551 926 3621 conata,
941 3534 977 3607 ni
1002 3555 1142 3616 rumore
1214 3576 1216 3578 >

177 3642 327 3739 quodem
350 3642 521 3741 praeverso
552 3644 733 3718 imminens
756 3641 900 3717 exitium
929 3642 987 3716 ille
1013 3643 1141 3738 perdo·

179 3750 277 3844 clus,
300 3752 475 3831 instantem
497 3750 645 3853 vestigiis
670 3750 807 3843 bostem,
822 3774 884 3851 per
910 3749 1145 3827 Sunonensem
