<?xml version="1.0" encoding="UTF-8"?>
<!DOCTYPE html PUBLIC "-//W3C//DTD XHTML 1.0 Transitional//EN"
    "http://www.w3.org/TR/xhtml1/DTD/xhtml1-transitional.dtd">
<html xmlns="http://www.w3.org/1999/xhtml" xml:lang="en" lang="en">
 <head>
  <title>
</title>
<meta http-equiv="Content-Type" content="text/html;charset=utf-8" />
  <meta name='ocr-system' content='tesseract 3.04.00' />
  <meta name='ocr-capabilities' content='ocr_page ocr_carea ocr_par ocr_line ocrx_word'/>
</head>
<body>
  <div class='ocr_page' id='page_1' title='image "ammianimarcelli00ernegoog_0043.png"; bbox 0 0 2775 4284; ppageno 0'>
   <div class='ocr_carea' id='block_1_1' title="bbox 228 217 1033 331">
    <p class='ocr_par' dir='ltr' id='par_1_1' title="bbox 228 217 1033 331">
     <span class='ocr_line' id='line_1_1' title="bbox 228 217 1033 331; baseline 0.002 -35"><span class='ocrx_word' id='word_1_1' title='bbox 228 219 273 324; x_wconf 80' lang='lat'>38</span> <span class='ocrx_word' id='word_1_2' title='bbox 379 217 636 331; x_wconf 74' lang='lat' dir='ltr'>&#39;AMMIANI</span> <span class='ocrx_word' id='word_1_3' title='bbox 671 224 1033 298; x_wconf 80' lang='lat' dir='ltr'>MARCELLINI</span> 
     </span>
    </p>
   </div>
   <div class='ocr_carea' id='block_1_2' title="bbox 130 378 1198 915">
    <p class='ocr_par' dir='ltr' id='par_1_2' title="bbox 130 378 1197 805">
     <span class='ocr_line' id='line_1_2' title="bbox 225 378 1193 481; baseline 0.004 -27"><span class='ocrx_word' id='word_1_4' title='bbox 225 378 423 455; x_wconf 81' lang='lat' dir='ltr'>monstrare.</span> <span class='ocrx_word' id='word_1_5' title='bbox 445 380 612 456; x_wconf 87' lang='lat' dir='ltr'>Scintillas</span> <span class='ocrx_word' id='word_1_6' title='bbox 633 381 794 481; x_wconf 90' lang='lat' dir='ltr'>quidam</span> <span class='ocrx_word' id='word_1_7' title='bbox 786 402 907 457; x_wconf 90' lang='lat' dir='ltr'>nutant</span> <span class='ocrx_word' id='word_1_8' title='bbox 922 385 964 457; x_wconf 91' lang='lat' dir='ltr'>ab</span> <span class='ocrx_word' id='word_1_9' title='bbox 978 382 1119 458; x_wconf 84' lang='lat' dir='ltr'>aetherio</span> <span class='ocrx_word' id='word_1_10' title='bbox 1133 400 1193 460; x_wconf 76' lang='lat' dir='ltr'>ca2</span> 
     </span>
     <span class='ocr_line' id='line_1_3' title="bbox 226 490 1198 590; baseline 0.002 -26"><span class='ocrx_word' id='word_1_11' title='bbox 226 491 346 564; x_wconf 90' lang='lat' dir='ltr'>dentes</span> <span class='ocrx_word' id='word_1_12' title='bbox 364 490 504 590; x_wconf 86' lang='lat' dir='ltr'>vigore,</span> <span class='ocrx_word' id='word_1_13' title='bbox 527 500 712 590; x_wconf 82' lang='lat' dir='ltr'>parumque</span> <span class='ocrx_word' id='word_1_14' title='bbox 735 493 921 588; x_wconf 73' lang='lat' dir='ltr'>porrectius</span> <span class='ocrx_word' id='word_1_15' title='bbox 942 495 1081 566; x_wconf 89' lang='lat' dir='ltr'>tendere</span> <span class='ocrx_word' id='word_1_16' title='bbox 1099 493 1198 566; x_wconf 90' lang='lat' dir='ltr'>suffi-</span> 
     </span>
     <span class='ocr_line' id='line_1_4' title="bbox 228 570 1198 698; baseline 0.001 -25"><span class='ocrx_word' id='word_1_17' title='bbox 228 598 355 673; x_wconf 82' lang='lat' dir='ltr'>cientes</span> <span class='ocrx_word' id='word_1_18' title='bbox 374 599 563 698; x_wconf 84' lang='lat' dir='ltr'>exstingui.</span> <span class='ocrx_word' id='word_1_19' title='bbox 587 600 644 672; x_wconf 91' lang='lat' dir='ltr'>vel</span> <span class='ocrx_word' id='word_1_20' title='bbox 664 621 754 674; x_wconf 90' lang='lat' dir='ltr'>certe</span> <span class='ocrx_word' id='word_1_21' title='bbox 769 603 941 676; x_wconf 89' lang='lat' dir='ltr'>radiorum</span> <span class='ocrx_word' id='word_1_22' title='bbox 962 570 1147 677; x_wconf 83' lang='lat' dir='ltr'>flammas</span> <span class='ocrx_word' id='word_1_23' title='bbox 1138 624 1198 676; x_wconf 78' lang='lat' dir='ltr'>m·-</span> 
     </span>
     <span class='ocr_line' id='line_1_5' title="bbox 130 703 1197 805; baseline 0.007 -29"><span class='ocrx_word' id='word_1_24' title='bbox 130 757 135 776; x_wconf 84' lang='lat'><strong><em>.</em></strong></span> <span class='ocrx_word' id='word_1_25' title='bbox 228 705 341 805; x_wconf 75' lang='lat' dir='ltr'>jesias</span> <span class='ocrx_word' id='word_1_26' title='bbox 334 708 494 782; x_wconf 89' lang='lat' dir='ltr'>nubibus</span> <span class='ocrx_word' id='word_1_27' title='bbox 516 709 622 784; x_wconf 80' lang='lat' dir='ltr'>densis</span> <span class='ocrx_word' id='word_1_28' title='bbox 645 737 716 784; x_wconf 79' lang='lat' dir='ltr'>acri</span> <span class='ocrx_word' id='word_1_29' title='bbox 705 703 916 800; x_wconf 67' lang='lat' dir='ltr'>scintillare</span> <span class='ocrx_word' id='word_1_30' title='bbox 940 715 1119 788; x_wconf 68' lang='lat' dir='ltr'>contactu.</span> <span class='ocrx_word' id='word_1_31' title='bbox 1137 731 1197 785; x_wconf 90' lang='lat' dir='ltr'>aut</span> 
     </span>
    </p>

    <p class='ocr_par' dir='ltr' id='par_1_3' title="bbox 180 817 1197 915">
     <span class='ocr_line' id='line_1_6' title="bbox 180 817 1197 915; baseline 0.004 -25"><span class='ocrx_word' id='word_1_32' title='bbox 180 843 308 890; x_wconf 60' lang='lat' dir='ltr'>„cum</span> <span class='ocrx_word' id='word_1_33' title='bbox 339 817 453 890; x_wconf 89' lang='lat' dir='ltr'>lumen</span> <span class='ocrx_word' id='word_1_34' title='bbox 484 817 625 915; x_wconf 84' lang='lat' dir='ltr'>aliquod</span> <span class='ocrx_word' id='word_1_35' title='bbox 650 821 827 895; x_wconf 88' lang='lat' dir='ltr'>cohaeserit</span> <span class='ocrx_word' id='word_1_36' title='bbox 853 823 947 897; x_wconf 90' lang='lat' dir='ltr'>nubi.</span> <span class='ocrx_word' id='word_1_37' title='bbox 978 823 1015 894; x_wconf 91' lang='lat' dir='ltr'>ld</span> <span class='ocrx_word' id='word_1_38' title='bbox 1041 823 1197 896; x_wconf 88' lang='lat' dir='ltr'>enimin</span> 
     </span>
    </p>
   </div>
   <div class='ocr_carea' id='block_1_3' title="bbox 115 924 1259 1032">
    <p class='ocr_par' dir='ltr' id='par_1_4' title="bbox 115 924 1259 1032">
     <span class='ocr_line' id='line_1_7' title="bbox 115 924 1259 1032; baseline -0.003 -28"><span class='ocrx_word' id='word_1_39' title='bbox 115 1027 119 1032; x_wconf 84' lang='lat'><em>.</em></span> <span class='ocrx_word' id='word_1_40' title='bbox 229 924 333 1002; x_wconf 74' lang='lat' dir='ltr'>ssellle</span> <span class='ocrx_word' id='word_1_41' title='bbox 349 929 491 1030; x_wconf 91' lang='lat' dir='ltr'>speciem</span> <span class='ocrx_word' id='word_1_42' title='bbox 503 928 680 1027; x_wconf 83' lang='lat' dir='ltr'>figuratum</span> <span class='ocrx_word' id='word_1_43' title='bbox 692 985 703 1019; x_wconf 91' lang='lat'>,</span> <span class='ocrx_word' id='word_1_44' title='bbox 717 932 863 1004; x_wconf 87' lang='lat' dir='ltr'>decurrit</span> <span class='ocrx_word' id='word_1_45' title='bbox 875 933 1030 1029; x_wconf 89' lang='lat' dir='ltr'>quidem,</span> <span class='ocrx_word' id='word_1_46' title='bbox 1044 933 1124 1002; x_wconf 89' lang='lat' dir='ltr'>dum</span> <span class='ocrx_word' id='word_1_47' title='bbox 1140 930 1199 1002; x_wconf 76' lang='lat' dir='ltr'>vi·&#39;</span> <span class='ocrx_word' id='word_1_48' title='bbox 1255 942 1259 947; x_wconf 83' lang='grc'><em>’</em></span> 
     </span>
    </p>
   </div>
   <div class='ocr_carea' id='block_1_4' title="bbox 170 1037 1248 2462">
    <p class='ocr_par' dir='ltr' id='par_1_5' title="bbox 170 1037 1248 2462">
     <span class='ocr_line' id='line_1_8' title="bbox 231 1037 1201 1136; baseline 0 -26"><span class='ocrx_word' id='word_1_49' title='bbox 231 1039 326 1110; x_wconf 88' lang='lat' dir='ltr'>ribus</span> <span class='ocrx_word' id='word_1_50' title='bbox 346 1037 476 1136; x_wconf 81' lang='lat' dir='ltr'>ignium</span> <span class='ocrx_word' id='word_1_51' title='bbox 492 1038 692 1112; x_wconf 83' lang='lat' dir='ltr'>sustentatur</span> <span class='ocrx_word' id='word_1_52' title='bbox 706 1067 716 1112; x_wconf 75' lang='grc' dir='ltr'><strong><em>ε</em></strong></span> <span class='ocrx_word' id='word_1_53' title='bbox 730 1039 951 1136; x_wconf 86' lang='lat' dir='ltr'>amplitudine</span> <span class='ocrx_word' id='word_1_54' title='bbox 967 1064 1053 1113; x_wconf 90' lang='lat' dir='ltr'>vero</span> <span class='ocrx_word' id='word_1_55' title='bbox 1071 1039 1201 1135; x_wconf 87' lang='lat' dir='ltr'>spatio·</span> 
     </span>
     <span class='ocr_line' id='line_1_9' title="bbox 232 1145 1239 1250; baseline 0.002 -32"><span class='ocrx_word' id='word_1_56' title='bbox 232 1171 308 1218; x_wconf 86' lang='lat' dir='ltr'>rum</span> <span class='ocrx_word' id='word_1_57' title='bbox 340 1145 548 1250; x_wconf 83' lang='lat' dir='ltr'>exinanitum</span> <span class='ocrx_word' id='word_1_58' title='bbox 560 1158 582 1237; x_wconf 75' lang='lat'>,&#39;</span> <span class='ocrx_word' id='word_1_59' title='bbox 592 1148 629 1219; x_wconf 89' lang='lat' dir='ltr'>in</span> <span class='ocrx_word' id='word_1_60' title='bbox 656 1148 782 1250; x_wconf 77' lang='lat' dir='ltr'>aerium</span> <span class='ocrx_word' id='word_1_61' title='bbox 809 1147 954 1222; x_wconf 85' lang='lat' dir='ltr'>solvitur</span> <span class='ocrx_word' id='word_1_62' title='bbox 984 1173 1131 1246; x_wconf 89' lang='lat' dir='ltr'>corpus,</span> <span class='ocrx_word' id='word_1_63' title='bbox 1156 1147 1201 1220; x_wconf 91' lang='lat' dir='ltr'>ad</span> <span class='ocrx_word' id='word_1_64' title='bbox 1233 1222 1239 1233; x_wconf 66' lang='grc'><strong>,</strong></span> 
     </span>
     <span class='ocr_line' id='line_1_10' title="bbox 233 1256 1200 1360; baseline 0.005 -32"><span class='ocrx_word' id='word_1_65' title='bbox 233 1256 448 1330; x_wconf 79' lang='lat' dir='ltr'>substantiam</span> <span class='ocrx_word' id='word_1_66' title='bbox 472 1259 638 1358; x_wconf 82' lang='lat' dir='ltr'>migrans,</span> <span class='ocrx_word' id='word_1_67' title='bbox 652 1258 750 1360; x_wconf 84' lang='lat' dir='ltr'>cujus</span> <span class='ocrx_word' id='word_1_68' title='bbox 774 1259 892 1333; x_wconf 89' lang='lat' dir='ltr'>attritu</span> <span class='ocrx_word' id='word_1_69' title='bbox 916 1259 1056 1332; x_wconf 87' lang='lat' dir='ltr'>incaluit</span> <span class='ocrx_word' id='word_1_70' title='bbox 1078 1258 1200 1333; x_wconf 89' lang='lat' dir='ltr'>nimio.</span> 
     </span>
     <span class='ocr_line' id='line_1_11' title="bbox 170 1367 1201 1468; baseline 0.001 -28"><span class='ocrx_word' id='word_1_71' title='bbox 170 1375 174 1381; x_wconf 84' lang='lat'>&#39;</span> <span class='ocrx_word' id='word_1_72' title='bbox 234 1367 425 1440; x_wconf 86' lang='lat' dir='ltr'>Confestim</span> <span class='ocrx_word' id='word_1_73' title='bbox 440 1370 554 1468; x_wconf 90' lang='lat' dir='ltr'>itaque</span> <span class='ocrx_word' id='word_1_74' title='bbox 573 1391 654 1446; x_wconf 85' lang='lat' dir='ltr'>ante</span> <span class='ocrx_word' id='word_1_75' title='bbox 666 1372 752 1444; x_wconf 90' lang='lat' dir='ltr'>lucis</span> <span class='ocrx_word' id='word_1_76' title='bbox 772 1371 935 1468; x_wconf 76' lang='lat' dir='ltr'>primitias</span> <span class='ocrx_word' id='word_1_77' title='bbox 954 1368 1084 1442; x_wconf 87' lang='lat' dir='ltr'>Etrusci</span> <span class='ocrx_word' id='word_1_78' title='bbox 1098 1371 1201 1441; x_wconf 87' lang='lat' dir='ltr'>haru-</span> 
     </span>
     <span class='ocr_line' id='line_1_12' title="bbox 233 1477 1235 1578; baseline 0.002 -29"><span class='ocrx_word' id='word_1_79' title='bbox 233 1477 341 1570; x_wconf 88' lang='lat' dir='ltr'>spices</span> <span class='ocrx_word' id='word_1_80' title='bbox 354 1479 523 1577; x_wconf 79' lang='lat' dir='ltr'>accersiti,</span> <span class='ocrx_word' id='word_1_81' title='bbox 540 1482 774 1578; x_wconf 88' lang='lat' dir='ltr'>consultique,</span> <span class='ocrx_word' id='word_1_82' title='bbox 787 1483 869 1578; x_wconf 91' lang='lat' dir='ltr'>quid</span> <span class='ocrx_word' id='word_1_83' title='bbox 886 1479 961 1552; x_wconf 83' lang='lat' dir='ltr'>astri</span> <span class='ocrx_word' id='word_1_84' title='bbox 980 1480 1105 1577; x_wconf 88' lang='lat' dir='ltr'>species</span> <span class='ocrx_word' id='word_1_85' title='bbox 1117 1503 1202 1575; x_wconf 87' lang='lat' dir='ltr'>por·</span> <span class='ocrx_word' id='word_1_86' title='bbox 1231 1502 1235 1506; x_wconf 78' lang='grc'>’</span> 
     </span>
     <span class='ocr_line' id='line_1_13' title="bbox 235 1588 1229 1684; baseline 0.002 -26"><span class='ocrx_word' id='word_1_87' title='bbox 235 1588 389 1678; x_wconf 78' lang='lat' dir='ltr'>tenderet</span> <span class='ocrx_word' id='word_1_88' title='bbox 408 1614 519 1680; x_wconf 89' lang='lat' dir='ltr'>nova,</span> <span class='ocrx_word' id='word_1_89' title='bbox 533 1591 713 1663; x_wconf 90' lang='lat' dir='ltr'>vitandum</span> <span class='ocrx_word' id='word_1_90' title='bbox 728 1591 793 1662; x_wconf 82' lang='lat' dir='ltr'>effe</span> <span class='ocrx_word' id='word_1_91' title='bbox 817 1589 1000 1662; x_wconf 79' lang='lat' dir='ltr'>cautissime</span> <span class='ocrx_word' id='word_1_92' title='bbox 1017 1589 1203 1684; x_wconf 90' lang='lat' dir='ltr'>responde·</span> <span class='ocrx_word' id='word_1_93' title='bbox 1224 1660 1229 1668; x_wconf 27' lang='grc' dir='ltr'><em>Ι</em></span> 
     </span>
     <span class='ocr_line' id='line_1_14' title="bbox 237 1696 1208 1796; baseline 0.001 -29"><span class='ocrx_word' id='word_1_94' title='bbox 237 1715 338 1785; x_wconf 87' lang='lat' dir='ltr'>runt,</span> <span class='ocrx_word' id='word_1_95' title='bbox 354 1723 398 1768; x_wconf 90' lang='lat' dir='ltr'>ne</span> <span class='ocrx_word' id='word_1_96' title='bbox 417 1699 499 1794; x_wconf 91' lang='lat' dir='ltr'>quid</span> <span class='ocrx_word' id='word_1_97' title='bbox 522 1717 604 1772; x_wconf 90' lang='lat' dir='ltr'>tunc</span> <span class='ocrx_word' id='word_1_98' title='bbox 626 1717 811 1772; x_wconf 89' lang='lat' dir='ltr'>tentaretur</span> <span class='ocrx_word' id='word_1_99' title='bbox 823 1727 834 1787; x_wconf 85' lang='lat'>3</span> <span class='ocrx_word' id='word_1_100' title='bbox 848 1724 889 1770; x_wconf 85' lang='lat' dir='ltr'>ex</span> <span class='ocrx_word' id='word_1_101' title='bbox 911 1697 1143 1796; x_wconf 86' lang='lat' dir='ltr'>Tarquitianis</span> <span class='ocrx_word' id='word_1_102' title='bbox 1162 1696 1208 1768; x_wconf 83' lang='lat' dir='ltr'>li·-</span> 
     </span>
     <span class='ocr_line' id='line_1_15' title="bbox 236 1805 1205 1897; baseline 0 -19"><span class='ocrx_word' id='word_1_103' title='bbox 236 1805 325 1895; x_wconf 82' lang='lat' dir='ltr'>bris,</span> <span class='ocrx_word' id='word_1_104' title='bbox 339 1805 373 1878; x_wconf 92' lang='lat' dir='ltr'>in</span> <span class='ocrx_word' id='word_1_105' title='bbox 387 1806 489 1881; x_wconf 88' lang='lat' dir='ltr'>titulo</span> <span class='ocrx_word' id='word_1_106' title='bbox 506 1814 562 1882; x_wconf 80' lang='lat' dir='ltr'>De</span> <span class='ocrx_word' id='word_1_107' title='bbox 578 1815 665 1882; x_wconf 81' lang='lat' dir='ltr'>rebus</span> <span class='ocrx_word' id='word_1_108' title='bbox 679 1815 808 1897; x_wconf 83' lang='lat' dir='ltr'>divinis,</span> <span class='ocrx_word' id='word_1_109' title='bbox 824 1809 859 1881; x_wconf 93' lang='lat' dir='ltr'>id</span> <span class='ocrx_word' id='word_1_110' title='bbox 869 1807 1010 1880; x_wconf 89' lang='lat' dir='ltr'>relatum</span> <span class='ocrx_word' id='word_1_111' title='bbox 1024 1807 1089 1879; x_wconf 76' lang='lat' dir='ltr'>elle</span> <span class='ocrx_word' id='word_1_112' title='bbox 1102 1831 1205 1879; x_wconf 91' lang='lat' dir='ltr'>mon-</span> 
     </span>
     <span class='ocr_line' id='line_1_16' title="bbox 237 1916 1205 2018; baseline -0.002 -28"><span class='ocrx_word' id='word_1_113' title='bbox 237 1917 377 2016; x_wconf 78' lang='lat' dir='ltr'>strantes</span> <span class='ocrx_word' id='word_1_114' title='bbox 391 1921 506 2018; x_wconf 91' lang='lat' dir='ltr'>:quod</span> <span class='ocrx_word' id='word_1_115' title='bbox 519 1921 590 1995; x_wconf 89' lang='lat' dir='ltr'>sace</span> <span class='ocrx_word' id='word_1_116' title='bbox 604 1921 640 1994; x_wconf 93' lang='lat' dir='ltr'>in</span> <span class='ocrx_word' id='word_1_117' title='bbox 655 1921 748 1994; x_wconf 87' lang='lat' dir='ltr'>coelo</span> <span class='ocrx_word' id='word_1_118' title='bbox 760 1918 830 2007; x_wconf 87' lang='lat' dir='ltr'>visa</span> <span class='ocrx_word' id='word_1_119' title='bbox 846 1917 1015 1992; x_wconf 89' lang='lat' dir='ltr'>committi</span> <span class='ocrx_word' id='word_1_120' title='bbox 1027 1916 1205 2015; x_wconf 86' lang='lat' dir='ltr'>proelium,</span> 
     </span>
     <span class='ocr_line' id='line_1_17' title="bbox 238 2027 1204 2132; baseline -0.002 -32"><span class='ocrx_word' id='word_1_121' title='bbox 238 2031 298 2103; x_wconf 90' lang='lat' dir='ltr'>vel</span> <span class='ocrx_word' id='word_1_122' title='bbox 320 2031 425 2105; x_wconf 77' lang='lat' dir='ltr'>simile</span> <span class='ocrx_word' id='word_1_123' title='bbox 417 2028 672 2132; x_wconf 86' lang='lat' dir='ltr'>quidquam</span> <span class='ocrx_word' id='word_1_124' title='bbox 641 2059 715 2106; x_wconf 91' lang='lat' dir='ltr'>non</span> <span class='ocrx_word' id='word_1_125' title='bbox 733 2031 920 2129; x_wconf 88' lang='lat' dir='ltr'>oportebit.</span> <span class='ocrx_word' id='word_1_126' title='bbox 945 2033 1028 2122; x_wconf 87' lang='lat' dir='ltr'>Quo</span> <span class='ocrx_word' id='word_1_127' title='bbox 1049 2027 1204 2100; x_wconf 88' lang='lat' dir='ltr'>etiamid</span> 
     </span>
     <span class='ocr_line' id='line_1_18' title="bbox 236 2137 1205 2240; baseline -0.002 -26"><span class='ocrx_word' id='word_1_128' title='bbox 236 2141 328 2214; x_wconf 89' lang='lat' dir='ltr'>inter</span> <span class='ocrx_word' id='word_1_129' title='bbox 342 2143 405 2214; x_wconf 89' lang='lat' dir='ltr'>alia</span> <span class='ocrx_word' id='word_1_130' title='bbox 426 2145 531 2216; x_wconf 90' lang='lat' dir='ltr'>multa</span> <span class='ocrx_word' id='word_1_131' title='bbox 541 2145 737 2240; x_wconf 88' lang='lat' dir='ltr'>spernente,</span> <span class='ocrx_word' id='word_1_132' title='bbox 754 2137 899 2214; x_wconf 84' lang='lat' dir='ltr'>orabant</span> <span class='ocrx_word' id='word_1_133' title='bbox 913 2141 1127 2237; x_wconf 73' lang='lat' dir='ltr'>haruspice8‚</span> <span class='ocrx_word' id='word_1_134' title='bbox 1140 2141 1205 2214; x_wconf 92' lang='lat' dir='ltr'>sal-</span> 
     </span>
     <span class='ocr_line' id='line_1_19' title="bbox 240 2249 1206 2348; baseline 0.002 -26"><span class='ocrx_word' id='word_1_135' title='bbox 240 2267 310 2322; x_wconf 90' lang='lat' dir='ltr'>tem</span> <span class='ocrx_word' id='word_1_136' title='bbox 327 2251 460 2346; x_wconf 88' lang='lat' dir='ltr'>aliquot</span> <span class='ocrx_word' id='word_1_137' title='bbox 479 2249 574 2327; x_wconf 88' lang='lat' dir='ltr'>horis</span> <span class='ocrx_word' id='word_1_138' title='bbox 591 2253 839 2348; x_wconf 69' lang='lat' dir='ltr'>professionem</span> <span class='ocrx_word' id='word_1_139' title='bbox 853 2250 1004 2323; x_wconf 85' lang='lat' dir='ltr'>differri.</span> <span class='ocrx_word' id='word_1_140' title='bbox 995 2256 1060 2326; x_wconf 90' lang='lat'>·&amp;</span> <span class='ocrx_word' id='word_1_141' title='bbox 1080 2277 1122 2324; x_wconf 93' lang='lat' dir='ltr'>ne</span> <span class='ocrx_word' id='word_1_142' title='bbox 1136 2252 1206 2325; x_wconf 87' lang='lat' dir='ltr'>hoc</span> 
     </span>
     <span class='ocr_line' id='line_1_20' title="bbox 200 2326 1248 2462; baseline 0.002 -30.077"><span class='ocrx_word' id='word_1_143' title='bbox 200 2326 377 2458; x_wconf 78' lang='lat' dir='ltr'>quidem</span> <span class='ocrx_word' id='word_1_144' title='bbox 401 2361 476 2436; x_wconf 90' lang='lat' dir='ltr'>sunt</span> <span class='ocrx_word' id='word_1_145' title='bbox 498 2364 632 2462; x_wconf 87' lang='lat' dir='ltr'>adepti,</span> <span class='ocrx_word' id='word_1_146' title='bbox 653 2367 860 2462; x_wconf 87' lang='lat' dir='ltr'>Imperatore</span> <span class='ocrx_word' id='word_1_147' title='bbox 882 2387 979 2435; x_wconf 87' lang='lat' dir='ltr'>omnr</span> <span class='ocrx_word' id='word_1_148' title='bbox 969 2361 1208 2436; x_wconf 85' lang='lat' dir='ltr'>vaticinandi</span> <span class='ocrx_word' id='word_1_149' title='bbox 1243 2381 1248 2397; x_wconf 80' lang='grc'><em>“</em></span> 
     </span>
    </p>
   </div>
   <div class='ocr_carea' id='block_1_5' title="bbox 240 2471 1315 2660">
    <p class='ocr_par' dir='ltr' id='par_1_6' title="bbox 240 2471 1315 2660">
     <span class='ocr_line' id='line_1_21' title="bbox 240 2471 1315 2569; baseline -0.003 -24"><span class='ocrx_word' id='word_1_150' title='bbox 240 2471 387 2546; x_wconf 86' lang='lat' dir='ltr'>scientiae</span> <span class='ocrx_word' id='word_1_151' title='bbox 407 2473 612 2550; x_wconf 73' lang='lat' dir='ltr'>reludante.</span> <span class='ocrx_word' id='word_1_152' title='bbox 635 2475 690 2548; x_wconf 88' lang='lat' dir='ltr'>sed</span> <span class='ocrx_word' id='word_1_153' title='bbox 714 2495 838 2548; x_wconf 87' lang='lat' dir='ltr'>exorto</span> <span class='ocrx_word' id='word_1_154' title='bbox 862 2471 929 2569; x_wconf 90' lang='lat' dir='ltr'>jam</span> <span class='ocrx_word' id='word_1_155' title='bbox 951 2472 1024 2562; x_wconf 90' lang='lat' dir='ltr'>die,</span> <span class='ocrx_word' id='word_1_156' title='bbox 1046 2481 1208 2568; x_wconf 84' lang='lat' dir='ltr'>promota</span> <span class='ocrx_word' id='word_1_157' title='bbox 1308 2517 1315 2531; x_wconf 43' lang='lat' dir='ltr'>x</span> 
     </span>
     <span class='ocr_line' id='line_1_22' title="bbox 241 2583 454 2660; baseline 0.01 -3"><span class='ocrx_word' id='word_1_158' title='bbox 241 2584 318 2657; x_wconf 89' lang='lat' dir='ltr'>sunt</span> <span class='ocrx_word' id='word_1_159' title='bbox 338 2583 454 2660; x_wconf 80' lang='lat' dir='ltr'>casira.</span> 
     </span>
    </p>
   </div>
   <div class='ocr_carea' id='block_1_6' title="bbox 241 2677 1210 3024">
    <p class='ocr_par' dir='ltr' id='par_1_7' title="bbox 241 2677 1210 2988">
     <span class='ocr_line' id='line_1_23' title="bbox 290 2677 1207 2794; baseline 0.001 -28"><span class='ocrx_word' id='word_1_160' title='bbox 290 2699 344 2767; x_wconf 88' lang='lat'><em>111.</em></span> <span class='ocrx_word' id='word_1_161' title='bbox 368 2696 459 2772; x_wconf 91' lang='lat' dir='ltr'>Hinc</span> <span class='ocrx_word' id='word_1_162' title='bbox 484 2721 547 2770; x_wconf 90' lang='lat' dir='ltr'>nos</span> <span class='ocrx_word' id='word_1_163' title='bbox 569 2691 734 2794; x_wconf 78' lang='lat' dir='ltr'>egressos,</span> <span class='ocrx_word' id='word_1_164' title='bbox 746 2694 854 2768; x_wconf 86' lang='lat' dir='ltr'>Persae</span> <span class='ocrx_word' id='word_1_165' title='bbox 865 2719 980 2791; x_wconf 81' lang='lat' dir='ltr'>‚cum</span> <span class='ocrx_word' id='word_1_166' title='bbox 990 2694 1076 2790; x_wconf 86' lang='lat' dir='ltr'>saepe</span> <span class='ocrx_word' id='word_1_167' title='bbox 1096 2677 1207 2767; x_wconf 69' lang='lat' dir='ltr'>afflicti</span> 
     </span>
     <span class='ocr_line' id='line_1_24' title="bbox 242 2792 1210 2901; baseline 0.002 -27"><span class='ocrx_word' id='word_1_168' title='bbox 242 2803 396 2900; x_wconf 90' lang='lat' dir='ltr'>peditum</span> <span class='ocrx_word' id='word_1_169' title='bbox 415 2803 546 2877; x_wconf 86' lang='lat' dir='ltr'>stabiles</span> <span class='ocrx_word' id='word_1_170' title='bbox 569 2831 694 2901; x_wconf 87' lang='lat' dir='ltr'>pugnas</span> <span class='ocrx_word' id='word_1_171' title='bbox 718 2796 911 2876; x_wconf 81' lang='lat' dir='ltr'>horrerent</span> <span class='ocrx_word' id='word_1_172' title='bbox 906 2792 1060 2895; x_wconf 74' lang='lat' dir='ltr'>‚sirudis</span> <span class='ocrx_word' id='word_1_173' title='bbox 1083 2803 1210 2876; x_wconf 78' lang='lat' dir='ltr'>insidiis</span> 
     </span>
     <span class='ocr_line' id='line_1_25' title="bbox 241 2900 1207 3024; baseline 0.002 -40"><span class='ocrx_word' id='word_1_174' title='bbox 241 2911 381 3024; x_wconf 82' lang='lat' dir='ltr'>occulte</span> <span class='ocrx_word' id='word_1_175' title='bbox 400 2900 674 3003; x_wconf 77' lang='lat' dir='ltr'>comitabantur,</span> <span class='ocrx_word' id='word_1_176' title='bbox 689 2913 883 2988; x_wconf 90' lang='lat' dir='ltr'>altrinsecus</span> <span class='ocrx_word' id='word_1_177' title='bbox 902 2913 1034 2988; x_wconf 89' lang='lat' dir='ltr'>viantes</span> <span class='ocrx_word' id='word_1_178' title='bbox 1053 2934 1207 2987; x_wconf 84' lang='lat' dir='ltr'>catervas</span> 
     </span>
    </p>
   </div>
   <div class='ocr_carea' id='block_1_7' title="bbox 128 3025 1253 3124">
    <p class='ocr_par' dir='ltr' id='par_1_8' title="bbox 128 3025 1253 3124">
     <span class='ocr_line' id='line_1_26' title="bbox 128 3025 1253 3124; baseline 0 -26"><span class='ocrx_word' id='word_1_179' title='bbox 128 3097 134 3110; x_wconf 71' lang='grc'>,</span> <span class='ocrx_word' id='word_1_180' title='bbox 239 3053 260 3098; x_wconf 80' lang='lat' dir='ltr'>a</span> <span class='ocrx_word' id='word_1_181' title='bbox 280 3027 372 3098; x_wconf 78' lang='lat' dir='ltr'>celsis</span> <span class='ocrx_word' id='word_1_182' title='bbox 396 3027 543 3100; x_wconf 88' lang='lat' dir='ltr'>collibus</span> <span class='ocrx_word' id='word_1_183' title='bbox 565 3028 802 3124; x_wconf 83' lang='lat' dir='ltr'>explorando·</span> <span class='ocrx_word' id='word_1_184' title='bbox 818 3047 855 3100; x_wconf 91' lang='lat' dir='ltr'>ut</span> <span class='ocrx_word' id='word_1_185' title='bbox 869 3027 904 3099; x_wconf 92' lang='lat' dir='ltr'>id</span> <span class='ocrx_word' id='word_1_186' title='bbox 921 3025 1089 3122; x_wconf 89' lang='lat' dir='ltr'>suspicans</span> <span class='ocrx_word' id='word_1_187' title='bbox 1111 3027 1221 3098; x_wconf 80' lang='lat' dir='ltr'>miles</span> <span class='ocrx_word' id='word_1_188' title='bbox 1248 3051 1253 3054; x_wconf 85' lang='lat'>·</span> 
     </span>
    </p>
   </div>
   <div class='ocr_carea' id='block_1_8' title="bbox 244 3134 1210 3234">
    <p class='ocr_par' dir='ltr' id='par_1_9' title="bbox 244 3134 1210 3234">
     <span class='ocr_line' id='line_1_27' title="bbox 244 3134 1210 3234; baseline 0.001 -26"><span class='ocrx_word' id='word_1_189' title='bbox 244 3134 390 3230; x_wconf 89' lang='lat' dir='ltr'>adusque</span> <span class='ocrx_word' id='word_1_190' title='bbox 406 3157 607 3230; x_wconf 89' lang='lat' dir='ltr'>perpetuum</span> <span class='ocrx_word' id='word_1_191' title='bbox 622 3137 710 3209; x_wconf 89' lang='lat' dir='ltr'>diem</span> <span class='ocrx_word' id='word_1_192' title='bbox 732 3161 796 3209; x_wconf 90' lang='lat' dir='ltr'>nec</span> <span class='ocrx_word' id='word_1_193' title='bbox 817 3136 948 3208; x_wconf 89' lang='lat' dir='ltr'>vallum</span> <span class='ocrx_word' id='word_1_194' title='bbox 967 3135 1210 3234; x_wconf 84' lang='lat' dir='ltr'>erigeret‚nec</span> 
     </span>
    </p>
   </div>
   <div class='ocr_carea' id='block_1_9' title="bbox 193 3242 1210 3449">
    <p class='ocr_par' dir='ltr' id='par_1_10' title="bbox 193 3242 1210 3449">
     <span class='ocr_line' id='line_1_28' title="bbox 193 3242 1210 3350; baseline -0.002 -30"><span class='ocrx_word' id='word_1_195' title='bbox 193 3269 197 3275; x_wconf 77' lang='grc'><strong>’</strong></span> <span class='ocrx_word' id='word_1_196' title='bbox 244 3245 382 3320; x_wconf 87' lang='lat' dir='ltr'>sudibus</span> <span class='ocrx_word' id='word_1_197' title='bbox 400 3245 431 3318; x_wconf 96' lang='lat' dir='ltr'>se</span> <span class='ocrx_word' id='word_1_198' title='bbox 453 3247 690 3350; x_wconf 89' lang='lat' dir='ltr'>communiret.</span> <span class='ocrx_word' id='word_1_199' title='bbox 711 3248 873 3344; x_wconf 88' lang='lat' dir='ltr'>Dumque</span> <span class='ocrx_word' id='word_1_200' title='bbox 893 3264 1051 3344; x_wconf 86' lang='lat' dir='ltr'>teguntur</span> <span class='ocrx_word' id='word_1_201' title='bbox 1069 3242 1210 3318; x_wconf 87' lang='lat' dir='ltr'>firmiter</span> 
     </span>
     <span class='ocr_line' id='line_1_29' title="bbox 204 3350 1209 3449; baseline -0.005 -23"><span class='ocrx_word' id='word_1_202' title='bbox 204 3413 206 3416; x_wconf 21' lang='lat' dir='ltr'>v</span> <span class='ocrx_word' id='word_1_203' title='bbox 244 3355 369 3444; x_wconf 78' lang='lat' dir='ltr'>latera,</span> <span class='ocrx_word' id='word_1_204' title='bbox 385 3357 422 3426; x_wconf 92' lang='lat'><strong>&amp;</strong></span> <span class='ocrx_word' id='word_1_205' title='bbox 438 3354 604 3427; x_wconf 84' lang='lat' dir='ltr'>exercitus</span> <span class='ocrx_word' id='word_1_206' title='bbox 618 3379 683 3449; x_wconf 90' lang='lat' dir='ltr'>pro</span> <span class='ocrx_word' id='word_1_207' title='bbox 697 3352 857 3426; x_wconf 89' lang='lat' dir='ltr'>locorum</span> <span class='ocrx_word' id='word_1_208' title='bbox 872 3353 934 3425; x_wconf 79' lang='lat' dir='ltr'>situ</span> <span class='ocrx_word' id='word_1_209' title='bbox 947 3350 1116 3448; x_wconf 87' lang='lat' dir='ltr'>quadratis</span> <span class='ocrx_word' id='word_1_210' title='bbox 1136 3351 1209 3448; x_wconf 91' lang='lat' dir='ltr'>qui·</span> 
     </span>
    </p>
   </div>
   <div class='ocr_carea' id='block_1_10' title="bbox 180 3463 1235 3782">
    <p class='ocr_par' dir='ltr' id='par_1_11' title="bbox 180 3463 1208 3782">
     <span class='ocr_line' id='line_1_30' title="bbox 234 3463 1208 3563; baseline -0.005 -26"><span class='ocrx_word' id='word_1_211' title='bbox 234 3469 338 3558; x_wconf 88' lang='lat' dir='ltr'>dem,</span> <span class='ocrx_word' id='word_1_212' title='bbox 350 3463 407 3538; x_wconf 82' lang='lat' dir='ltr'>sed</span> <span class='ocrx_word' id='word_1_213' title='bbox 421 3465 505 3538; x_wconf 79' lang='lat' dir='ltr'>laxis</span> <span class='ocrx_word' id='word_1_214' title='bbox 520 3465 647 3539; x_wconf 88' lang='lat' dir='ltr'>incedit</span> <span class='ocrx_word' id='word_1_215' title='bbox 661 3464 865 3563; x_wconf 83' lang='lat' dir='ltr'>agminibus,</span> <span class='ocrx_word' id='word_1_216' title='bbox 875 3464 996 3536; x_wconf 89' lang='lat' dir='ltr'>invasa</span> <span class='ocrx_word' id='word_1_217' title='bbox 1010 3463 1123 3536; x_wconf 90' lang='lat' dir='ltr'>subito</span> <span class='ocrx_word' id='word_1_218' title='bbox 1139 3479 1208 3536; x_wconf 89' lang='lat' dir='ltr'>ter·</span> 
     </span>
     <span class='ocr_line' id='line_1_31' title="bbox 180 3576 1235 3685; baseline -0.01 -34"><span class='ocrx_word' id='word_1_219' title='bbox 180 3591 184 3602; x_wconf 87' lang='lat'><em>&#39;</em></span> <span class='ocrx_word' id='word_1_220' title='bbox 206 3602 209 3611; x_wconf 57' lang='lat'><em>¹</em></span> <span class='ocrx_word' id='word_1_221' title='bbox 243 3603 284 3675; x_wconf 86' lang='lat' dir='ltr'>ga</span> <span class='ocrx_word' id='word_1_222' title='bbox 305 3602 397 3685; x_wconf 91' lang='lat' dir='ltr'>pone</span> <span class='ocrx_word' id='word_1_223' title='bbox 413 3577 528 3650; x_wconf 90' lang='lat' dir='ltr'>versus</span> <span class='ocrx_word' id='word_1_224' title='bbox 541 3588 640 3650; x_wconf 84' lang='lat' dir='ltr'>arma</span> <span class='ocrx_word' id='word_1_225' title='bbox 647 3577 841 3674; x_wconf 86' lang='lat' dir='ltr'>cogentium</span> <span class='ocrx_word' id='word_1_226' title='bbox 858 3577 1008 3672; x_wconf 86' lang='lat' dir='ltr'>Principi</span> <span class='ocrx_word' id='word_1_227' title='bbox 1020 3576 1235 3665; x_wconf 80' lang='lat' dir='ltr'>indicatur,</span> 
     </span>
     <span class='ocr_line' id='line_1_32' title="bbox 246 3667 1210 3782; baseline -0.012 -21"><span class='ocrx_word' id='word_1_228' title='bbox 246 3685 436 3761; x_wconf 86' lang='lat' dir='ltr'>etiamtum</span> <span class='ocrx_word' id='word_1_229' title='bbox 455 3667 576 3760; x_wconf 79' lang='lat' dir='ltr'>inermi</span> <span class='ocrx_word' id='word_1_230' title='bbox 566 3685 630 3760; x_wconf 91' lang='lat' dir='ltr'>ad</span> <span class='ocrx_word' id='word_1_231' title='bbox 650 3685 849 3782; x_wconf 89' lang='lat' dir='ltr'>speculanda</span> <span class='ocrx_word' id='word_1_232' title='bbox 869 3685 1039 3760; x_wconf 86' lang='lat' dir='ltr'>anteriora</span> <span class='ocrx_word' id='word_1_233' title='bbox 1052 3679 1210 3782; x_wconf 86' lang='lat' dir='ltr'>progres-</span> 
     </span>
    </p>
   </div>
   <div class='ocr_carea' id='block_1_11' title="bbox 0 0 1418 4284">
    <p class='ocr_par' dir='ltr' id='par_1_12' title="bbox 0 0 1418 4284">
     <span class='ocr_line' id='line_1_33' title="bbox 0 0 1418 4284; baseline 0 0"><span class='ocrx_word' id='word_1_234' title='bbox 0 0 1418 4284; x_wconf 95' lang='lat' dir='ltr'> </span> 
     </span>
    </p>
   </div>
  </div>
 </body>
</html>
