2775 4284
220 197 269 306 4‘0
369 158 1087 330 tnn‘nmnmcmmm'

179 394 183 412 ¹
222 381 273 468 ri,
294 403 365 474 quo
389 343 640 474 Epamitiondas
666 371 828 448 ille'dux
855 347 1015 460 inclitus,
1041 369 1188 446 letaliter

179 483 196 562 .'
222 489 311 586 apud
323 489 530 562 Mantineam
545 487 697 576 saucius,
711 488 749 560 &
760 484 972 566 reredlussex
988 481 1186 567 attercan-

204 600 380 696 'quirebat
397 599 551 676 sollicite
559 598 714 671 scutum:
734 598 830 727 quod
847 618 925 670 cum
948 594 1082 668 vidisset
1102 618 1187 690 pro·
1254 609 1258 616 '

222 714 318 810 pius,
344 714 515 787 laetior
480 711 724 793 νινιιΙηειὶς
714 711 869 784 rnteriit:
896 713 934 784 δι
954 708 1014 808 qui
1039 709 1188 784 animam

223 819 417 918 intrepidus
437 807 608 898 imittebat
619 878 632 912 ,
653 819 813 918 ‘passuram
838 818 953 918 clypei
977 817 1192 897 formidavit.

224 934 289 1007 Sed
316 960 395 1005 cum
423 934 513 1006 vires
532 960 648 1030 parum
675 934 867 1006 sufficerent
893 929 1091 1010 voluntati
1114 929 1190 1002 san

151 1035 155 1042 ’
224 1044 400 1142 guinisque
423 1044 599 1139 profluvio
622 1061 825 1130 vexaretur,
839 1040 957 1115 mansit
979 1041 1193 1117 immobilis:

191 1193 196 1208 ·
223 1155 303 1230 ideo
318 1157 373 1251 spe
393 1157 551 1254 deinceps
573 1157 718 1232 vivendi
737 1155 910 1243 absumta,
931 1155 1028 1252 quod
1041 1178 1192 1250 percon·

225 1265 540 1364 tando'Phrygiam
565 1266 726 1364 appellati
753 1266 893 1352 locum,
914 1263 974 1336 ubi
999 1263 1193 1361 ceciderat,

225 1374 401 1469 competit.
425 1377 491 1448 Hic
507 1377 598 1448 enim
616 1377 792 1448 obiturum
809 1369 852 1471 sel
868 1372 1056 1471 praescripta
1074 1373 1193 1446 audie·

225 1500 278 1554 rat
295 1480 393 1558 sorte.
411 1483 567 1558 Redudo
579 1485 622 1556 ad
633 1483 782 1578 tentoria
795 1483 954 1578 Principe
967 1533 979 1567 ,
991 1482 1194 1556 incredibile

227 1589 317 1664 dictu
331 1591 542 1689 est‚3quanto
565 1594 688 1668 ardore
711 1593 807 1668 miles
827 1592 870 1664 ad
891 1591 1076 1666 vindittam
1090 1591 1193 1668 ira&

80 1715 88 1724 “
178 1797 182 1802 Ι
226 1699 351 1774 dolore
374 1701 562 1776 ferventior
583 1703 786 1788 involabat,
803 1701 911 1774 bassas
931 1700 974 1774 ad
996 1696 1088 1772 scuta
1103 1724 1195 1772 con·

169 1903 174 1912 ⁴
226 1806 390 1904 crepam,
405 1813 506 1886 etiam
527 1816 635 1906 mori,
648 1816 671 1888 st
686 1814 810 1888 tulisset
826 1813 917 1903 sors,
932 1810 1130 1884 obstinatus.
1150 1810 1197 1885 Et

227 1919 387 2015 quamvis
408 1919 647 1998 offundebatur
669 1925 781 2000 oculis
804 1923 948 1997 altitudo
966 1919 1198 2019 pulverisq&

229 2029 328 2110 tellus
361 2033 527 2109 calescens
555 2038 709 2111 officeret
739 2035 902 2109 alacritati
936 2034 1198 2116 membrorum

229 2137 343 2212 tamen
359 2145 454 2215 velut
470 2149 722 2235 exaudorarus‚
734 2146 853 2218 amisso
865 2145 1024 2233 dudore,
1039 2143 1107 2215 sine
1121 2167 1197 2238 par·
1238 2156 1244 2233 ζ

129 2334 132 2344 A
229 2248 374 2323 fimnnia
389 2255 507 2326 ruebat
526 2255 560 2326 in
577 2241 716 2329 serrum.
735 2259 867 2341 Contra
887 2255 1070 2328 animosius
1091 2252 1200 2328 Persa

169 2400 173 2413 ·
231 2353 426 2455 sagittarum
440 2358 633 2438 volantium
647 2364 826 2437 crebritate
842 2364 1061 2462 conspeslum
1082 2364 1130 2436 sui
1146 2388 1199 2435 ra-

53 2583 58 2590 .
114 2525 123 2550 ,
160 2499 163 2506 ’
231 2465 371 2564 piabant
390 2472 579 2568 oppositis:
604 2497 693 2572 quos
718 2473 887 2572 elephanti
914 2475 1043 2546 tardius
1068 2495 1199 2568 prace-

232 2576 368 2669 dentes,
392 2583 623 2681 magnitudine
647 2594 833 2682 corporum
853 2584 1094 2706 cristarumqup
1115 2585 1202 2654 hor-

232 2709 313 2762 rore
333 2713 501 2800 pavorem
519 2690 679 2788 jumentis
700 2693 962 2766 incutiebant&
985 2693 1080 2766 viris.
1101 2693 1201 2762 Con

233 2798 380 2871 cursus
370 2816 487 2897 itaque
511 2822 741 2890 armatorum,
763 2803 802 2878 dt
827 2803 1016 2875 cadentium
1037 2799 1201 2897 gemitus,

179 2987 183 2996 ,
233 2931 403 3005 equorum
424 2908 546 3001 slatus,
559 2929 703 2986 tinnitus
715 2910 815 3000 ferri,
838 2912 960 3008 procul
981 2910 1204 2997 audiebatur,

234 3020 397 3146 quamdiu
405 3021 559 3096 satietate
577 3023 759 3096 vulnerum
774 3023 924 3118 partibus
943 3021 1047 3112 fellis,
1062 3045 1133 3094 nox
1147 3015 1204 3090 di-

236 3131 338 3240 remit
360 3135 542 3206 certamina
558 3134 626 3231 jam
642 3130 830 3209 tenebrosa.
851 3132 1110 3230 Quinquaginta
1129 3150 1204 3204 tum

236 3218 408 3316 Peisarum
425 3240 606 3338 optimates
626 3243 665 3318 δι
688 3240 825 3338 satrapae
842 3267 920 3315 eum
943 3241 1040 3336 plebe
1056 3238 1205 3315 maxima

115 3352 117 3362 '
238 3349 463 3442 ceciderunt,
477 3351 566 3424 inter
584 3353 642 3425 has
656 3354 771 3426 turbas
785 3353 977 3424 Merena&
991 3347 1181 3422 Nohodare
1191 3346 1211 3436 ‚'

238 3461 415 3560 potissimis
432 3464 595 3556 ducibus,
614 3464 809 3542 intersedis.
835 3461 1058 3558 Obstupescat
1072 3457 1206 3556 magni-

129 3593 133 3600 ’
181 3598 192 3675 q
241 3573 417 3671 loquentia
450 3576 625 3648 vetustatis
655 3575 794 3648 diversis
822 3575 857 3646 in
883 3573 970 3646 locis
998 3570 1121 3670 proelia
1145 3586 1206 3646 xit

239 3687 418 3806 Marcelli:
452 3687 616 3770 Sicinium
643 3691 834 3812 Dentatum
859 3685 1017 3782 adjiciat,
1045 3696 1207 3757 ornatum
