2775 4284
180 267 184 271 .
294 217 460 289 neuun
480 215 736 289 curruum
760 220 840 309 uu.
861 218 994 305 xrtxt
1058 218 1124 316 ιε,

149 384 316 460 reversus
328 386 370 458 ad
388 384 546 473 nostros,
559 385 633 489 haec
647 384 693 457 ita
707 383 863 459 accidisse
877 382 1038 459 narravit.
1053 380 1132 456 Pati

148 497 253 592 clade
264 498 470 623 recuperatis
482 497 664 593 Hispaniis,
674 498 875 595 Scipionum
890 495 1127 583 alterum,cte·

147 626 246 680 mata
267 608 378 697 turri,
396 608 432 679 in
447 634 546 705 quam
563 606 787 706 confugerat,
801 603 1018 680 absumtut'n
1009 618 1130 677 rn'cen-

149 716 218 789 dio
246 716 362 787 hostili
390 718 633 813 comperimus.
659 716 747 789 lllud
771 734 884 789 tamen
905 733 1036 787 certum
1060 708 1131 798 est,

148 851 222 899 nec
240 822 415 923 Scipioni,
437 853 502 901 nec
520 827 659 900 Valenti
676 826 909 924 sepulturam,
932 849 992 921 qur
982 810 1131 917 supre-

149 934 284 1010 mitatis
301 937 416 1009 honor
433 938 479 1010 est
488 938 704 1035 ,contigiffe
729 941 768 1009 ln
786 935 849 1010 hac
873 929 1109 1029 multiplici
1075 955 1132 1003 vr·

150 1070 277 1118 rorum
301 1046 480 1120 illustrium
507 1048 602 1122 clade
627 1046 767 1144 Trajani
789 1069 883 1118 mors
900 1040 1073 1129 eminuit,
1092 1042 1133 1115 δε

152 1155 366 1231 Sebastiam:
387 1184 465 1230 cum
488 1158 611 1256 quibus
628 1179 753 1244 ¹xxxv
775 1154 979 1253 oppetivere
1003 1146 1134 1223 tribuni

154 1270 347 1359 Vacantes,
369 1271 408 1342 δι
430 1294 654 1348 numerorum
677 1271 863 1359 Redores‚
881 1263 1134 1343 &Valerianus

154 1397 260 1475 atque
273 1377 430 1475 Equitius
444 1405 454 1449 r
469 1403 619 1474 quorum
634 1377 719 1451 alter
734 1376 923 1462 stabulum,
937 1374 1021 1446 alter
1031 1398 1134 1447 cura·

155 1488 219 1561 bat
241 1489 415 1585 palatium.
435 1491 527 1561 Inter
550 1491 615 1563 hos
635 1489 737 1561 etiam
754 1489 1001 1560 Promotorum
1021 1482 1134 1555 tribu·

159 1622 226 1671 nus
242 1599 420 1690 Potentius
439 1600 593 1674 cecidit
585 1626 621 1673 tn
635 1600 805 1725 primaevo
822 1596 927 1669 aetatis
946 1594 1053 1682 flore,
1067 1594 1137 1665 bo·

158 1730 210 1779 no
238 1707 363 1806 cuique
390 1695 575 1805 speciatus,
596 1709 727 1783 meritis
753 1704 902 1781 Urficini
927 1700 1031 1801 patris
1058 1703 1137 1775 Ma-

158 1815 253 1911 gistri
278 1817 452 1913 quondam
479 1844 653 1891 armorum
684 1814 837 1910 suisque
842 1809 1137 1889 commendabitis,
1185 1855 1201 1875 -t

160 1924 392 2021 Constatque,
410 1926 472 2000 vix
493 1925 626 1998 tertiam
647 1921 786 1997 evasisse
810 1919 977 1994 exercitus
993 1938 1138 2014 partem.

160 2034 238 2106 Nec
252 2032 319 2105 ulla
333 2034 531 2125 annalibus,
543 2054 665 2131 ptaeter
680 2028 895 2105 Cannensem
906 2052 1078 2125 pugnam,
1090 2023 1139 2099 ita

160 2143 226 2216 ad
217 2145 489 2218 tnternecionem
506 2169 559 2219 res
573 2144 695 2250 legitur
713 2141 820 2241 gesta,
837 2163 1044 2238 quamquam
1058 2138 1139 2209 Ro-

159 2280 254 2326 manr
243 2254 456 2351 aliquoties
475 2254 616 2328 reflante
639 2259 791 2327 Fortuna
815 2247 957 2324 fallaciis
977 2247 1039 2321 lusr
1062 2246 1140 2321 bel-

160 2362 305 2436 lorum
296 2365 469 2460 iniquitati
492 2367 661 2437 cederunt
674 2365 717 2435 ad
731 2385 888 2458 tempus·
905 2362 943 2435 δι
956 2356 1140 2434 certamina

137 2552 143 2566 ¹
161 2462 268 2543 multa
282 2470 444 2543 sabulosae
459 2474 569 2545 ueniae
582 2472 712 2543 flevere
724 2474 940 2542 Graecorum.

213 2578 309 2650 XlV.
322 2577 426 2649 Periit
440 2596 552 2649 autem
568 2579 637 2651 hoc
658 2577 751 2650 exitu
764 2578 911 2665 Valens,
924 2575 1140 2676 quinquage-

162 2683 249 2757 limo
274 2710 368 2759 anno
389 2686 594 2783 contiguus,
605 2712 683 2759 cum
706 2711 766 2783 per
782 2712 892 2761 annos
906 2705 1052 2783 quatuor
1071 2686 1139 2759 im-

163 2791 304 2889 perallet
326 2795 365 2866 δι
387 2793 504 2866 decem
519 2818 627 2890 parvo
643 2794 767 2870 minus.
789 2793 899 2891 Cujus
912 2794 1006 2869 bona
1022 2794 1139 2870 multis

164 2901 303 3001 cognita
315 2902 488 2991 dicemus,
502 2905 541 2976 δι
554 2901 650 2979 vitia.
664 2900 805 2978 Amicus
821 2902 929 2979 fidelis
947 2907 986 2980 δι
1000 2903 1140 2995 firmus,
1164 2946 1175 2977 ι

165 3012 259 3083 ultor
273 3038 351 3087 acer
368 3011 620 3107 ambitionum,
637 3013 946 3089 severusmilitaris
968 3017 1006 3090 &
1023 3014 1139 3091 civilis

158 3122 352 3220 disciplinae
378 3125 577 3197 corteclor:
604 3124 755 3225 pervigil
779 3116 969 3223 semper&
995 3125 1140 3219 anxius,

166 3258 211 3305 ne
227 3233 517 3329 propinquitatem
531 3232 603 3330 ejus
616 3236 829 3333 ptaetendens
842 3236 940 3309 altius
954 3234 1057 3309 semet
1069 3236 1140 3311 fer·

166 3359 242 3415 ret:
266 3336 343 3437 erga
362 3338 559 3413 deferendas
582 3342 762 3438 potestates
786 3341 843 3417 vel
867 3344 1061 3417 adimendas
1083 3345 1140 3416 ni·

167 3452 275 3525 urium
289 3454 422 3527 tardus:
435 3454 692 3550 provinciarum
710 3454 914 3553 aequiffimus
926 3472 1041 3544 tutor,
1054 3480 1140 3553 qua·

169 3568 247 3637 ‘rum
269 3562 414 3664 fingulas
437 3583 475 3639 ut
495 3566 636 3641 domum
655 3566 828 3666 propriant
850 3565 1062 3684 custodiebat
1084 3564 1140 3647 in·.
