2775 4284
331 231 497 351 natura
525 277 780 352 castanon
806 282 884 355 tn.
909 283 1048 378 xxv..
1103 307 1153 380 47

190 434 489 531 cepimusdislunt
514 465 522 512 t
548 455 573 516 οἱ
601 455 696 516 λευκοὶ
722 455 785 524 βόες
810 452 917 537 Μάρκῳ
948 447 991 531 ia}
1017 455 1155 539 Καίσαρι.
1252 428 1261 452 ’

183 557 232 618 At
250 559 287 622 rb
307 559 437 640 νικῆσῃς,
458 559 539 652 stratis
555 563 751 642 ἀπωλόμεθα]
770 551 874 648 Vulgl
900 550 1067 645 plausibus
1091 555 1154 624 lae·

105 670 107 678 ’
188 674 265 747 tus,
294 659 453 733 laudum
462 662 561 734 etiam
593 686 636 732 ex
666 662 814 735 minimis
848 663 947 734 rebus
984 663 1155 770 intempe-

122 844 126 852 ,
187 793 263 850 rans
282 773 476 866 appetitor,
502 771 737 878 popularitatis
758 773 943 868 cupiditate
960 800 1040 846 cum
1064 776 1154 863 indi·

188 879 263 974 gnis
274 876 380 976 loqui
398 880 493 976 saepe
523 881 688 954 affectans.
710 884 953 953 Verumtamen
976 907 1055 954 cum
1081 885 1155 958 haec

185 987 308 1077 essent,
329 990 481 1075 aeslitnari
502 1009 659 1085 poterat,
675 1008 713 1065 ut
732 989 802 1086 ipse
826 988 960 1082 ajebat,
982 1009 1083 1064 vetus
1095 991 1153 1065 illa

186 1092 330 1190 justitia,
346 1127 446 1199 quam
463 1100 624 1175 offensam
642 1097 737 1175 vitiis
755 1097 937 1171 hominum
961 1105 1083 1180 Aratus
1094 1125 1155 1174 ex·

187 1209 348 1291 tollit,in
376 1211 502 1300 coelum
519 1265 531 1300 ,
549 1237 593 1284 eo
618 1211 806 1305 imperante
832 1210 951 1283 redisse
974 1211 1086 1286 rursus
1112 1213 1156 1286 ad

187 1329 288 1388 terras
300 1349 315 1403 i,
339 1315 374 1387 ni
394 1318 545 1411 quaedam
566 1317 609 1388 ad
633 1316 808 1388 arbitrium
832 1341 957 1414 agens,
981 1317 1156 1396 interdum

186 1425 380 1510 ostenderet
401 1427 432 1501 se
453 1429 640 1503 diffimilem
661 1429 721 1502 sui.
739 1423 951 1527 Namque&
972 1429 1047 1525 jura
1066 1458 1155 1506 con·
1196 1440 1200 1447 '

186 1537 271 1610 didit
293 1565 366 1612 non
390 1539 554 1629 molesta,
572 1539 724 1613 absolute
740 1540 894 1638 quaedam
918 1539 1069 1635 jubentia
1082 1543 1156 1619 fieri
1258 1641 1264 1652 Ι

186 1648 246 1718 vel
258 1649 425 1739 arcentia,
450 1661 571 1746 p'raeter
585 1677 703 1747 pauca.
720 1655 812 1724 lnter
826 1676 902 1749 quae
918 1671 990 1724 erat
1002 1653 1087 1726 illud
1099 1654 1155 1728 in·

188 1753 359 1843 clemens,
376 1761 471 1855 quod
489 1761 615 1833 docere
636 1761 746 1834 vetuit
764 1761 941 1858 magistros
962 1762 1156 1838 rhetoricos

187 1862 477 1958 &grammaticos
492 1868 724 1955 Christianos,
739 1868 773 1940 ni
788 1868 974 1942 tranfiffenr
988 1872 1030 1943 ad
1041 1874 1157 1946 numi·

188 1997 272 2046 num
288 1975 429 2049 cultum.
442 1977 529 2050 lllud
542 2003 684 2076 quoque
698 1978 814 2050 itidem
834 2003 952 2072 parum
966 1978 1157 2071 serendum,

188 2088 284 2185 quod
298 2085 552 2185 municipalium
567 2091 728 2164 ordinum
739 2089 887 2163 coetibus
900 2089 1090 2186 patiebatur
1100 2093 1158 2166 in·

187 2193 275 2296 julie
295 2191 460 2292 quosdam
478 2199 631 2291 ennesii,
647 2200 707 2273 vel
728 2199 952 2298 peregrinos,
968 2200 1027 2274 vel
1048 2202 1092 2275 ab
1115 2201 1157 2287 iis

190 2306 392 2398 consortiis,
407 2310 614 2408 privilegiis,
633 2328 691 2384 aut
711 2310 846 2407 origine
860 2309 964 2407 longe
981 2309 1158 2388 discretos.

65 2510 70 2522 1
189 2417 309 2514 Figura
326 2418 402 2491 talis
415 2421 530 2516 utique
546 2421 790 2494 membrorum.
803 2418 989 2492 Mediocris
1006 2438 1078 2492 erat
1093 2420 1158 2494 sta·

189 2543 294 2617 turae,
308 2528 457 2624 capillis,
470 2547 630 2627 tanquam
650 2527 810 2625 pexisset,
825 2527 1011 2616 mollibus,
1030 2530 1158 2606 hirsuta

131 2667 143 2690 ι’
188 2637 290 2710 barba
303 2637 340 2708 in
353 2644 488 2711 acutum
510 2637 680 2715 desinente
699 2636 859 2727 vellitus,
877 2637 1053 2712 venustate
1072 2663 1158 2713 ocu·

189 2746 302 2818 lorum
326 2744 522 2820 micantium
545 2745 709 2844 flagrans,
725 2744 784 2843 qui
802 2744 925 2817 mentis
950 2742 1021 2838 ejus
1047 2772 1158 2846 angu-

188 2855 494 2947 sliatindicabant‚
513 2859 698 2954 superciliis
716 2855 1025 2944 decoris,&naso
1046 2856 1158 2931 reslis·
1203 2846 1206 2852 ¹
1246 2935 1249 2943 ,
1289 2900 1294 2914 ·

105 2989 108 3000 ·
140 2975 155 3000 “
188 2971 275 3044 fimo
288 3027 299 3063 ‚
313 2999 375 3046 ore
397 2973 502 3070 paulo
523 2971 677 3066 majore,
691 2971 789 3043 labro
812 2966 1156 3070 inferiore-demisso,

108 3111 112 3120 ·
189 3082 305 3177 opima
327 3085 366 3156 δι
383 3083 527 3156 incurva
540 3080 698 3168 cervice,
711 3079 861 3150 humeris
881 3077 982 3152 vallis
997 3081 1038 3152 δι
1055 3079 1157 3169 latis,

137 3223 144 3232 ²
189 3195 233 3264 ab
246 3193 319 3289 ipso
336 3195 446 3290 capite
461 3194 566 3290 usque
578 3191 749 3290 unguium
757 3189 960 3262 summitates
972 3190 1157 3264 lineamen-

189 3319 304 3374 torum
318 3303 404 3374 reeta
421 3325 604 3398 compage,
620 3301 711 3374 unde
725 3298 855 3371 viribus
874 3300 1062 3374 valebat&
1079 3326 1157 3373 cur-

190 3410 239 3484 su.
253 3413 295 3481 Et
310 3412 474 3506 quoniam
497 3435 573 3484 eum
595 3409 840 3482 obtredatores
855 3431 970 3481 novos
984 3408 1156 3482 bellorum

190 3495 355 3592 turnultus
377 3519 420 3592 ad
447 3516 631 3613 perniciem
663 3517 712 3588 rei
742 3514 936 3588 communis
962 3516 1156 3590 insimulant

189 3628 395 3703 concitasse:
416 3628 541 3713 sciant,
558 3630 705 3702 docente
716 3628 859 3701 veritate
872 3626 1069 3723 perspicue,
1083 3652 1157 3702 non

184 3737 448 3832 lulianum,sed
462 3737 881 3831 Constantiummdoses
893 3736 1068 3812 Parthicos
1082 3733 1160 3826 suaa,
1210 3820 1215 3828 ¹
