2775 4284
423 208 426 221 ,
972 156 980 213 ι
1106 212 1118 237 ,

240 308 308 401 14⁶
397 264 648 382 numiui
679 307 1040 384 utacatttut

234 466 329 542 ricus
347 465 472 557 docet,
486 484 611 565 optans
632 467 744 566 perire
759 467 877 566 potius
893 468 995 562 luce,
1014 496 1115 572 quant
1133 474 1207 570 pa'ti

234 577 430 653 formidinis
444 600 626 677 augmenta
640 578 826 653 nodutum
847 582 890 655 Et
903 580 1068 681 quoniam
1079 580 1205 680 judex,

232 689 440 790 quinimmo
454 689 570 787 praedo
585 687 765 782 nefandus,
774 692 817 765 ad
831 691 866 764 id
880 692 1110 793 solum,quod
1123 720 1205 793 pro·

158 898 161 905 Ι
231 803 343 894 mifir,
363 802 536 889 intentus,
554 802 676 875 cunda
692 804 881 877 extollebar
905 804 941 879 in
968 802 1096 899 majus,
1115 803 1203 901 julio
1286 884 1295 897 ‚

232 914 395 1016 ¹Aginatio
420 910 539 1005 llatui,
557 913 693 1013 agmina
716 912 799 987 fecit
819 912 963 986 introire
981 912 1179 992 carnificum
1193 943 1226 990 :-

44 996 47 1004 ¹
69 1030 76 1045 '
230 1021 426 1121 catenisque
440 1020 638 1096 sonantibus
649 1020 762 1111 triste,
774 1020 946 1117 mancipia
958 1022 1112 1121 squalore
1126 1024 1207 1097 diu·

231 1158 341 1217 turno
360 1132 545 1209 marcentia
559 1133 595 1209 in
612 1132 746 1206 domini
764 1154 867 1229 caput
879 1132 1028 1242 adusque
1045 1133 1205 1209 ultimum

230 1247 402 1326 lacerabat
416 1243 584 1317 exitium:
604 1244 703 1341 quod
727 1243 765 1315 itt
789 1242 894 1341 stupri
919 1242 1106 1342 questione
1130 1244 1205 1320 lieri

231 1376 375 1435 vetuere
401 1351 664 1429 clementiffimae
691 1354 792 1452 leges.
832 1354 993 1453 Denique
1024 1379 1103 1430 cum
1135 1354 1204 1449 nm

230 1467 395 1565 contigua
414 1464 521 1538 motti
546 1483 719 1540 tormenta
742 1463 878 1537 ancillae
901 1488 1009 1538 voces
1025 1466 1205 1561 expretlil'·

125 1665 128 1671 ¹
229 1580 306 1658 sent
327 1576 507 1674 obliquas,
528 1573 649 1647 indicii
672 1568 740 1645 lide
762 1595 883 1671 patum
910 1574 1012 1670 plene
1039 1572 1202 1661 discutla,

229 1684 409 1787 A‘girratius
425 1684 468 1758 ad
479 1682 679 1779 supplicium
694 1680 774 1787 duci
785 1681 1028 1778 pronuntiatus
1042 1670 1211 1779 abrupte,‘

228 1823 297 1876 rrec
313 1793 464 1882 auditus,
479 1790 701 1891 cummagnis
717 1791 923 1867 clamoribus
934 1791 1118 1889 appellaret
1131 1810 1212 1864 not

228 1910 324 1987 mina
348 1904 569 2002 Principum,
595 1901 745 1977 sublimis
769 1918 884 1999 raptus
910 1900 1101 1990 occiditur,
1126 1903 1203 1999 pari
1253 1950 1281 1975 a

129 2048 132 2053 ’
172 2092 175 2101 ,
228 2014 394 2096 sententia
409 2012 551 2110 Anepsia
569 2008 758 2085 interfecta.
781 2011 866 2083 Haec
879 2008 1024 2109 agitante
1037 2012 1204 2104 Maximi·

228 2117 281 2207 no
300 2152 378 2201 cum
397 2122 519 2197 adeffet
529 2167 549 2210 ,ψ
556 2146 682 2219 perque
697 2120 882 2194 emillarios
895 2145 973 2195 cum
987 2121 1110 2218 procul
1122 2148 1203 2220 ages

228 2258 306 2329 ret,
320 2232 443 2309 funeta
465 2230 546 2304 urbs
568 2230 764 2327 deploravit
786 2245 921 2303 aterna.
944 2232 1011 2318 Sed
1030 2233 1202 2307 accelera·

228 2363 312 2424 runt
322 2340 451 2417 ultima
465 2337 547 2412 dirae
561 2334 741 2412 cesorum.
760 2339 916 2435 Namque
930 2358 969 2411 ut
987 2340 1100 2435 postea
1112 2357 1202 2414 tem·
1243 2402 1246 2407 ,

226 2456 359 2559 peslive
380 2449 530 2540 dicetur,
553 2448 702 2539 &idem
724 2448 933 2533 Maximinus
956 2448 1016 2523 sub
1033 2452 1201 2527 Gratiano

226 2566 451 2647 intoleranter
476 2560 509 2635 se
536 2558 939 2660 esiacum-damnatorio
961 2558 1131 2659 jugulatus
1153 2563 1202 2637 est

229 2682 347 2769 ferro,
361 2677 399 2749 dc
420 2670 612 2772 Simplicius
630 2670 666 2743 in
686 2670 838 2770 Illyrico
851 2673 1107 2747 truncatust‘&
1121 2673 1202 2747 Do·

228 2782 477 2887 ryphorianum
493 2775 756 2877 pronuntiatum
774 2776 895 2874 capitis
910 2802 1003 2849 reum
1019 2830 1032 2866 ,
1053 2776 1201 2853 trusum·

228 2918 298 2993 que
313 2912 446 2967 carcere
462 2886 646 2978 Tulliano,
661 2887 779 2962 matris
799 2886 945 2989 confilio
959 2887 1123 2984 Princeps
1136 2912 1200 2959 ex·

223 3006 309 3081 inde
337 2987 473 3100 rapuit,
499 2999 741 3099 reversumque
763 2996 806 3070 ad
828 2997 913 3070 lares
941 3021 1004 3095 pet
1027 2998 1199 3073 cruciatus

228 3116 393 3217 oppreffit
415 3110 608 3189 immensos.
632 3109 735 3184 Unde
760 3108 829 3181 huc
850 3106 1025 3198 fleximus,
1039 3102 1200 3181 ¹reverta·

227 3226 365 3303 mutris
377 3224 583 3298 urbanarum
598 3213 711 3292 rerum
720 3214 881 3307 statuque
893 3215 940 3289 ita
951 3215 1110 3307 dixerim,
1119 3214 1198 3294 suit.

276 3338 316 3409 ll.
330 3340 377 3407 At
388 3328 660 3419 Valentinianus,
674 3350 796 3426 magna
808 3326 925 3399 animo
943 3325 1143 3427 concipiens
1157 3330 1199 3403 δι

225 3444 343 3534 utilia,
358 3442 515 3517 Rhenum
536 3462 676 3513 omnem
690 3460 710 3508 a
723 3432 909 3519 Ratiatum
927 3433 1074 3508 exordio
1096 3432 1199 3507 adus-

223 3578 293 3654 que
312 3553 463 3627 fretalem
480 3552 657 3625 Oceanum
672 3544 803 3643 magnis
819 3543 968 3617 molibus
981 3542 1197 3619 communie·

226 3668 305 3757 bar,
329 3661 433 3738 calita
458 3659 629 3732 extollens
651 3653 751 3729 altius
776 3654 815 3729 δι
837 3654 994 3743 castella,
1017 3652 1196 3749 turresque

226 3774 365 3853 affiduas
377 3764 439 3873 per'
456 3768 585 3845 habiles
604 3767 706 3874 locos
719 3766 759 3843 dt
774 3778 1014 3867 opportunos,
1028 3788 1095 3881 qua
1109 3763 1196 3843 Gala
