2775 4284
195 43 352 108 ,k..

449 171 458 206 h

203 235 205 240 ’
248 229 253 246 ‘
303 261 468 337 autum
493 262 747 365 cestnupu
769 235 849 349 trit,
871 264 1003 337 xxxi
1066 290 1131 359 251

170 388 329 500 fiduciam
345 394 568 525 repugnandi,
577 426 708 499 cautius
721 426 930 499 discedentes
943 428 985 497 ad
1003 448 1138 499 amnem

169 519 359 615 Danaslum
390 548 651 633 pervenerunt,
683 533 773 608 inter
802 536 918 607 illrum
950 540 989 609 δι
1021 538 1139 631 Bory-

169 631 322 719 sthenern
356 670 418 743 per
439 668 638 743 camporum
660 646 770 741 ampla
795 645 915 741 spatia
911 639 1138 717 diffluentem.

169 755 278 828 Haec
269 775 313 829 tta
327 774 449 853 praeter
467 756 557 852 spem
572 756 729 831 accidisse
753 755 873 829 doslus
887 747 1110 827 Athanaricus
1125 806 1139 842 ‚

171 862 452 961 Theruingorum
477 863 583 958 judex
604 861 668 964 (iu
691 888 816 959 quem,
823 882 870 935 ut
895 882 973 934 ante
997 862 1142 935 relatum

169 972 245 1059 est,
261 973 310 1045 ob
320 970 447 1045 auxilia
459 971 552 1044 milla
568 971 746 1067 Procopio
763 972 889 1044 dudum
903 949 1044 1055 Valens
1041 994 1142 1042 com·

127 1117 129 1124 ’
169 1099 330 1156 moverat
357 1078 475 1179 sigua)
500 1080 584 1153 stare
608 1081 713 1179 gradu
734 1080 807 1153 fixo
829 1080 1005 1173 tentabat,
1026 1072 1142 1157 sume-2

146 1265 148 1272 ,
171 1192 287 1268 &utus
301 1192 336 1263 in
355 1194 469 1277 vires,
485 1190 509 1263 st
529 1189 599 1287 ipse
618 1214 759 1288 quoque
780 1135 1009 1276 lacesseretur,
1027 1204 1065 1261 ut
1081 1202 1145 1263 cte-T
1226 1206 1228 1209 ’

169 1300 248 1375 teri.
268 1299 392 1374 Casltis
424 1301 571 1398 denique
598 1324 707 1396 prope
735 1292 877 1372 Danasli
902 1299 1070 1395 margines
1099 1318 1141 1370 ac

51 1442 55 1457 =
171 1411 477 1508 Greuthungorum
501 1410 625 1483 vallem
654 1410 1015 1507 longius‘opportune
1038 1425 1164 1487 meta-4

142 1584 145 1587 .
169 1518 236 1610 tis,
254 1519 515 1594 Munderichum
539 1521 658 1592 ducem
679 1518 794 1616 postea
822 1516 938 1589 limitis
965 1541 1028 1612 per
1053 1519 1142 1589 Ara·-

171 1627 288 1717 biam,
311 1653 389 1702 curn
408 1626 630 1727 Lagarimano
647 1620 687 1700 δὲ
705 1625 929 1723 optimatibus
954 1624 1026 1697 aliis
1045 1623 1143 1706 adus÷

171 1762 241 1835 que
264 1737 458 1813 vicesimum
483 1737 627 1833 lapidem
653 1738 765 1826 mifit,
785 1734 930 1809 hostium
952 1735 1147 1831 speculato-⁸
1187 1744 1188 1749 ’

48 1938 50 1941 y
171 1870 231 1919 ros
251 1845 460 1931 adventurn,
482 1843 551 1940 ipse
571 1842 682 1917 aciem
703 1841 801 1913 nullo
824 1842 978 1915 turbante
1002 1839 1143 1913 interim

172 1957 314 2031 struens.
327 1946 464 2032 Verum
467 1957 572 2053 louge
582 1955 704 2043 ahter,
719 1978 820 2052 quarn
840 1954 998 2042 rebatur,
1011 1953 1143 2027 evenis.

173 2072 293 2143 Hunni
310 2072 424 2161 enim,
443 2088 484 2143 ut
506 2068 635 2142 suntin
660 2067 860 2197 conjedurtt
882 2065 1035 2164 sagaces,
1054 2067 1143 2137 mul·

172 2184 353 2258 titudinem
374 2184 440 2260 effe
460 2184 600 2294 longius
626 2170 772 2280 aliquam
796 2174 980 2279 suspicati,
1001 2198 1145 2289 praeter-t

172 2289 300 2384 missp,
322 2316 411 2389 quos
423 2292 607 2378 viderant
629 2291 665 2362 in
687 2288 837 2389 quietem
860 2311 1019 2388 tanquam
1040 2284 1144 2363 nullo
1225 2386 1227 2390 Α

172 2400 326 2473 obstante
337 2402 558 2496 compositis,
576 2418 754 2493 rumpente
768 2399 879 2470 nodis
895 2398 1049 2471 tenebras
1062 2392 1145 2471 luna

92 2574 96 2579 ,
173 2506 1192 2608 *tardolluminispenerrato,id,=qtroderatpotissimum,¹
1286 2592 1289 2601 ,

148 2627 150 2630 ’
173 2617 367 2715 elegeruntr
384 2618 422 2690 δι
436 2615 558 2704 ueriti,
574 2637 617 2687 ne
638 2614 879 2712 praecursorius
897 2614 1000 2687 index
1021 2616 1145 2711 procul

173 2746 310 2827 agentes
339 2726 541 2817 absterreat,
562 2726 806 2799 Athanaricum
829 2726 937 2823 ipsum
962 2725 1030 2801 istu
1055 2727 1146 2825 peti-

173 2864 255 2916 vere
278 2838 405 2915 veloci.
425 2828 578 2935 Eumque
604 2838 794 2933 stupentem
822 2839 865 2911 ad
884 2838 1048 2934 impeturn
1072 2838 1144 2933 pri·-

172 2969 287 3037 mum,
300 2948 421 3023 arnissis
440 2941 637 3046 quibusdam
660 2948 817 3038 suorum,-
834 2967 1022 3047 coegerunt
1034 2950 1075 3021 ad
1091 2948 1142 3021 effi

175 3056 266 3155 sugia
286 3082 469 3157 properare
501 3060 672 3131 montium
699 3070 960 3159 praernptorutn.
986 3062 1078 3153 Quav
1094 3045 1145 3138 rei

176 3167 333 3240 novitate
355 3168 554 3267 majoreque
568 3170 706 3241 venturi
726 3168 862 3265 'pavore
883 3166 1108 3259 constrishts,
1123 3196 1145 3244 a
1261 3200 1263 3204 ¹

113 3361 128 3381 x
175 3276 361 3372 superciliis
380 3278 497 3350 Gerasi
512 3278 663 3351 sluminis
678 3276 824 3375 adusque
839 3270 1039 3351 Danubium
1062 3277 1144 3351 Tai-
1171 3278 1186 3347 ,¹

176 3382 322 3456 falorum
344 3404 447 3457 terras
473 3387 730 3483 praestringens,
762 3408 882 3458 muros
895 3386 1006 3459 altius
1033 3388 1156 3485 erige-5

52 3548 56 3553 .
175 3492 257 3564 bat:
279 3493 342 3565 hac
361 3493 468 3566 lorica
495 3494 669 3591 diligentia
701 3494 801 3568 celeri
828 3484 1114 3584 consummata‚'
1104 3520 1143 3568 tn
1236 3570 1253 3587 „

11 3619 12 3641 ¹
112 3636 116 3643 ·
175 3618 253 3672 tuto
275 3599 454 3676 locandam
477 3600 687 3676 securitatem
711 3604 804 3681 suam
827 3604 1144 3679 existimamu-
1217 3674 1227 3678 -
1280 3596 1286 3613 ’

175 3708 294 3786 sutem.
307 3710 469 3811 Dumque
481 3710 600 3788 efficax
612 3738 717 3813 opera
731 3713 920 3812 suscitatur,
927 3712 1056 3791 Hunni
1070 3714 1160 3813 pas-J
