2775 4284
267 258 347 337 3m
545 220 1040 317 excantat⁸
1145 258 1153 269 ·

267 422 315 471 ne
337 394 505 489 nomine,
528 419 647 498 regnat
667 426 746 474 cum
769 401 843 477 filio
874 404 936 477 suo
960 428 1053 477 anno
1072 426 1175 479 uno:
1209 404 1277 489 &3

266 508 393 579 merito
416 506 541 579 Leonis
566 534 709 605 regnum
741 512 898 585 remansit
928 513 1019 608 apud
1051 514 1262 589 Zenonem.

266 613 367 688 Zeno
387 640 471 688 vero
495 642 573 689 cum
592 615 667 688 filio
685 617 754 709 jam
776 645 921 719 regnans
943 646 1037 693 anno
1057 646 1154 713 uno,
1176 622 1271 717 intr·

172 724 176 732 ’
266 726 406 824 peravit
433 750 543 799 annos
572 748 656 801 xvi.
682 726 1082 824 Isauriae'nobiliffimus,
1102 731 1162 825 qui
1191 730 1258 803 di·

266 863 358 937 gnus
377 838 456 910 effer
476 835 580 911 filiam
596 836 814 938 lmp'eratoris
830 842 1007 939 accipere,
1023 841 1194 915 exercitus
1210 842 1255 916 it'r

268 972 374 1025 arma.
396 946 576 1021 Perhibent
602 951 645 1021 de
666 974 736 1040 eo,
757 950 837 1047 quia
859 952 994 1047 patellas
1014 952 1062 1035 in,
1075 950 1253 1047 genucula

270 1084 347 1131 non
365 1058 547 1149 habuillet,
567 1057 622 1141 sed
635 1061 780 1138 mobiles
798 1060 955 1150 fuiffent,
976 1084 1011 1132 ut
1027 1060 1264 1148 etiameursu-

270 1168 487 1245 velociffimo
512 1170 600 1241 ultra
619 1171 761 1243 modurn
784 1171 964 1245 hominum
988 1172 1177 1253 haberetur.
1208 1173 1251 1242 ln

269 1276 452 1381 republica
474 1276 621 1348 omnino
646 1278 983 1373 providentiffimus‚
1008 1277 1129 1349 favens
1152 1276 1252 1380 genti

271 1384 352 1461 suae.
373 1376 462 1459 Huic
483 1384 700 1466 inlidiabatur
728 1386 923 1475 Basiliscus,
949 1385 1018 1483 ipse
1042 1386 1172 1481 primus
1195 1385 1250 1456 se-

271 1515 404 1569 nator.
394 1521 491 1594 .quo
506 1496 671 1593 cognito,
686 1498 783 1570 Zeno
801 1497 982 1596 aliquantis
1000 1495 1131 1567 divitiis
1149 1494 1258 1589 petiit

271 1605 440 1678 Isauriam.
460 1609 505 1678 Αι
522 1608 581 1677 ubi
602 1606 658 1677 ille
680 1607 824 1703 egreffus
848 1606 922 1695 est,
943 1630 1027 1681 rnox
1048 1603 1257 1725 Basiliscum.

270 1714 399 1817 quiei,
415 1700 467 1790 ut
475 1712 599 1807 didum
618 1712 689 1805 est,
713 1712 930 1803 insidiabatur
939 1712 1108 1809 ,arripuit
1133 1712 1248 1806 impe·

273 1824 376 1896 rium.
393 1821 599 1923 Basiliscus
569 1822 797 1921 imperavit
793 1848 900 1897 annos
924 1826 964 1897 ΙΙ.
982 1824 1079 1895 Zeno
1096 1821 1248 1904 confor-

189 1974 198 1988 ι
273 1952 351 2009 tans
373 1934 534 2007 lsauros'
526 1951 614 2007 intra
636 1933 878 2031 provinciam,
892 1933 1013 2029 deinde
1028 1910 1249 2029 minander·

272 2045 418 2119 vitatem
449 2048 616 2135 Novam,
638 2046 675 2119 in
709 2072 798 2143 qua
793 2066 891 2139 erat,
909 2044 1164 2139 Theodericus
1175 2041 1258 2134 dux‘

275 2158 507 2246 Gothorum,
528 2101 619 2229 liliui
640 2156 870 2268 walameris,
883 2158 948 2231 &
935 2183 1012 2229 eum
1030 2154 1195 2229 invitavit
1209 2156 1257 2227 in-

274 2266 435 2351 {olatium
460 2266 526 2337 srbi
535 2266 700 2339 adversus
727 2228 940 2357 Basiliscum,
963 2253 1135 2363 objectans
1158 2266 1248 2340 mili·

274 2399 369 2467 tem,
391 2371 467 2475 post
491 2351 669 2469 biennium
693 2381 861 2471 venient,
884 2380 1040 2458 obsidens
1071 2378 1246 2458 civitatem
1283 2474 1284 2477 Ἴ

275 2462 628 2583 Constantinopolim.
661 2490 725 2561 Sed
756 2490 839 2588 quia
864 2493 1003 2566 Senatus
1032 2493 1070 2567 δι
1092 2491 1244 2587 ,populus

273 2598 452 2673 Zenonem
472 2615 682 2684 metuentes;
705 2598 856 2696 nequid-
871 2598 950 2671 mali
975 2616 1144 2695 pateretur
1167 2599 1251 2672 civi·

275 2728 352 2803 tat,
374 2706 491 2779 relidlo
511 2706 682 2795 Basilisco,
703 2708 734 2780 se
749 2708 798 2779 illi
813 2734 934 2799 omnes
948 2708 1114 2783 dederunt
1132 2726 1244 2804 aperta
1347 2748 1348 2779 ι

276 2820 429 2899 civitate.
451 2816 567 2906 Bafilis
562 2842 621 2889 cus
638 2817 772 2917 fugiens
791 2820 833 2891 ad
851 2820 1081 2907 Ecclesiam,
1073 2838 1161 2893 intra
1182 2822 1246 2893 Ba·
1347 2820 1348 2883 l

276 2930 464 3028 pristerium
477 2953 553 3016 cum
562 2956 675 3004 tutore
690 2935 728 3006 &
742 2931 819 3035 liliis
831 2934 1029 3031 ingreditur.
1044 2934 1111 3005 Cui
1126 2934 1244 3020 Zeno,

276 3044 359 3117 dato
357 3042 597 3132 sacramento,
610 3041 761 3118 securum
777 3024 893 3115 ellade
908 3044 1090 3139 sanguine,
1103 3043 1243 3128 exiens,

276 3151 454 3234 inclausus
471 3177 562 3235 cum
574 3176 681 3223 uxore
700 3154 738 3235 διΙ
755 3146 861 3235 liliis
841 3170 941 3231 intra
968 3150 1111 3222 cisterna
1134 3148 1254 3235 licea,
1347 3142 1348 3215 ἶ

277 3260 404 3335 ibidem
425 3258 802 3357 ,frigoreadefecerunn
829 3261 949 3347 'Zeno'
973 3258 1170 3329 recordatus
1200 3256 1245 3329 est

276 3397 395 3446 amore
416 3361 561 3477 Senatui
578 3363 619 3443 δι’
641 3368 790 3464 populi,
819 3365 997 3441 munificus
1026 3366 1185 3448 omnibns
1212 3366 1252 3437 se¹

276 3480 448 3570 ostendit,
469 3482 515 3551 ita
538 3497 575 3551 ur
594 3504 715 3551 omnes
737 3479 770 3579 ei
799 3479 920 3575 gratias
946 3496 1100 3576 agerent.
1118 3475 1253 3549 Senatu

276 3596 440 3676 Romano
461 3590 652 3685 &populo
676 3590 781 3661 tuitus
798 3588 870 3677 ell,
895 3606 933 3661 ut
951 3588 1051 3661 etiam
1072 3587 1103 3658 ei
1127 3585 1252 3681 imagi·

275 3726 410 3801 uesper
430 3682 560 3778 diverli
571 3696 704 3775 locam
717 3698 800 3773 urbe
811 3698 926 3773 Roma
945 3688 1151 3805 levarentur.
1168 3691 1236 3783 Cu·
