2775 4284
294 243 459 329 unuuu
480 220 738 333 cusrnuuu'
762 254 841 326 uu
863 254 994 329 xxxi
1060 252 1151 359 ιεςψ

94 358 293 511 legibus
315 414 389 487 lites
411 438 532 488 omnes
550 411 817 511 quaestionesque
839 412 1054 485 committere
1077 411 1133 487 vi·

82 522 224 598 deri
254 526 291 598 se
316 508 442 615 vellet,
466 522 702 621 destinatisque
727 524 823 599 velut
847 522 939 595 ledis
959 521 1130 616 judicibus
1241 620 1249 637 ἰ
1342 540 1351 552 ‘

81 689 83 696 .
134 635 299 732 negotia
320 636 494 733 spedlauda
513 636 716 727 mandabat,
730 634 815 708 nihil
836 632 889 733 agi
911 651 1033 707 contra
1051 634 1132 707 libi·
1114 674 1142 699 -.

135 744 276 818 dinem
287 743 385 825 luam
406 745 595 841 pariebatur
609 771 618 818 :
634 742 817 841 injuriosus
831 743 913 818 alias
934 742 1004 817 &'
994 767 1132 816 uacun-

137 855 238 943 dus,
257 857 296 929 δι
316 854 574 929 criminantibus
590 853 660 926 fine
682 852 870 927 differentia
891 852 1041 937 verivel
1061 851 1133 925 falfi
1197 848 1203 910 .'

137 959 321 1038 facillime
344 984 483 1061 patens:
504 991 582 1062 quae
602 962 770 1037 vitiorum
792 964 882 1037 labes
900 963 1001 1037 etiam
1022 961 1059 1034 in
1078 962 1133 1035 his
1178 962 1183 969 “

139 1072 303 1169 privaris
314 1072 594 1171 quotidianisque
603 1071 792 1147 rationibus
806 1073 983 1169 impendio
996 1070 1043 1146 est
1055 1071 1132 1145 for·

100 1238 103 1243 ·
141 1184 329 1259 midanda
349 1186 502 1260 Cellaror
520 1189 559 1261 δι
582 1187 702 1285 piget·
721 1185 811 1284 uigrr
801 1183 983 1277 coloris,
1001 1186 1141 1282 pupula

141 1294 255 1367 oculi
269 1277 368 1367 unius
381 1283 721 1384 obstruda,sed1ta,
735 1314 774 1367 ut
794 1318 867 1367 non
882 1293 1014 1367 eminus
1028 1319 1131 1391 appa

143 1420 269 1499 reret.
288 1401 397 1500 figura
418 1403 507 1474 bene
530 1404 706 1498 compadla
723 1403 978 1489 membrorum,
999 1398 1131 1475 staturae

143 1534 219 1583 nec
240 1533 411 1604 procerae,
431 1534 495 1584 nec
514 1507 701 1598 humilis,
691 1508 847 1585 incurvis
872 1454 1048 1598 cruribus,
1065 1524 1130 1581 ex·

146 1618 330 1715 flanteque
355 1618 574 1692 mediocriter
596 1632 727 1691 ventre.
752 1603 837 1690 Haec
860 1615 960 1713 super
985 1618 1129 1692 Valente

123 1727 278 1823 ‚dixitte
299 1726 462 1819 sufficiet,
486 1752 563 1825 quae
585 1752 668 1801 vera
692 1726 758 1827 elle
776 1725 913 1828 aequalis
933 1726 1035 1799 uobis
1054 1750 1129 1841 me·
1171 1784 1177 1823 χ,

147 1835 268 1913 moria
296 1836 397 1957 plene
421 1836 569 1913 testatur.
596 1837 684 1911 lllud
715 1856 827 1911 autem
859 1835 1026 1932 preteriri
1053 1861 1129 1913 nou
1203 1887 1206 1892 ·

148 1943 344 2025 convenit,
366 1944 478 2041 quod
484 1970 562 2036 cum
579 1946 724 2028 oraculo
743 1944 907 2040 tripodis,
924 1968 1028 2043 quem
1047 1970 1128 2019 mo·

150 2054 241 2128 viiie
253 2054 446 2138 Patricium
465 2056 696 2135 docuimus&
714 2057 904 2145 Hilarium,
921 2074 989 2129 tres
1010 2056 1127 2131 versus'

150 2164 236 2239 illos
256 2164 415 2241 fatidicos
444 2168 684 2265 comperillet,
707 2192 854 2267 quorum
889 2165 1030 2244 ultimus
1054 2166 1126 2259 est,

146 2287 194 2351 'Er
213 2286 344 2352 aredium
359 2287 512 2368 Μίμῳντος
528 2310 604 2355 atuor
620 2291 783 2369 καιομένοις
800 2290 874 2374 κὰμ
896 2277 984 2369 hoc,
998 2296 1036 2351 ut
1053 2294 1126 2354 erat
1163 2322 1167 2328 ·

149 2382 501 2458 inconsummatus&
519 2384 634 2471 rudis,
648 2386 738 2457 inter
751 2385 848 2457 initia
860 2388 1124 2462 contemnebat:

150 2490 311 2587 procedo
329 2513 414 2563 vero
438 2490 592 2562 luduum
619 2491 848 2564 maximorum
873 2492 1001 2589 abjecte
1021 2496 1124 2571 etiam

152 2596 312 2685 timidus,
332 2593 480 2690 ejusdem
502 2597 602 2669 sortis
625 2598 863 2673 recordatione
884 2601 970 2673 Asrae
992 2626 1124 2677 nomen

151 2709 338 2781 horrebat.
348 2706 407 2781 ubi
418 2709 603 2806 Erythraeo
617 2711 750 2808 oppido
764 2710 1008 2808 superpositum
1022 2738 1124 2787 mon·

151 2835 221 2893 tem
246 2817 434 2909 Mimanta,
456 2820 495 2892 δι
516 2820 705 2891 Homerum
726 2818 887 2916 scriplille
905 2822 945 2895 δι
968 2821 1122 2895 Tullium

151 2926 260 3023 (lodis
283 2926 507 3001 referentibus
524 2928 693 3002 audiebat.
718 2928 881 3026 Denique
903 2929 1008 3027 post
998 2931 1128 3004 mteriss
1229 2972 1230 2985 κ

152 3053 225 3109 tum
247 3032 318 3130 ejus
341 3034 584 3131 discellumque
602 3035 778 3125 hostilem,
799 3062 908 3136 prope
923 3037 1061 3129 locum,
1083 3039 1119 3111 in

150 3168 223 3241 quo
242 3144 397 3220 cecidiffe
422 3143 629 3218 existimatus
651 3145 722 3233 est,
738 3146 899 3225 iuventus
922 3146 1047 3221 dicitur
1067 3143 1135 3224 sa..
1247 3188 1251 3195 r
1364 3151 1365 3191 t

152 3276 234 3323 reus
252 3252 468 3333 monumenti
483 3250 674 3351 suggestus,
694 3253 751 3328 cui
768 3252 859 3351 lapis·
870 3254 992 3328 affixus
1008 3253 1118 3330 iucisrs

151 3356 256 3431 literis
268 3360 424 3450 Graecis,
441 3360 607 3465 sepultum
626 3360 675 3434 ibi
694 3360 847 3439 nobilem
869 3363 1035 3462 quendam
1049 3366 1117 3457 Mi·⁴
1205 3440 1211 3455 s
1301 3340 1325 3353 ..

152 3484 263 3553 manta
287 3485 438 3545 veterem
462 3467 644 3550 indicabat
739 3529 742 3538 .
1133 3527 1140 3567 ,-

171 3650 175 3657 ,
199 3578 278 3664 XV.
307 3578 388 3653 Post
406 3578 584 3691 exitialem
597 3593 761 3679 pugnam,
785 3606 861 3657 cum
883 3579 950 3681 jem
964 3581 1127 3671 tenebris.

167 3721 178 3756 κ
259 3707 262 3713 .
