2775 4284
308 219 474 354 llERUM
498 271 752 352 GESTARUM
768 220 855 348 llll.
878 263 1012 354 XXX(
1068 296 1135 378 235

159 433 380 512 merebimur
396 436 502 527 vitia,
524 436 600 534 post
614 439 651 511 &
671 437 842 535 praeclptta
863 437 1038 510 narraturi.
1052 437 1141 510 Asst·

140 553 143 557 ’
159 546 320 623 titulavit
335 573 582 646 nonnunquam
595 547 784 621 clementia
797 547 958 644 speciem,
970 573 1047 621 cum
1060 547 1143 621 esset
1169 642 1171 648 ,

159 655 205 730 in
233 657 451 733 acerbitatem
476 673 605 738 naturae
630 659 745 731 calore
766 657 991 754 propensior:
1013 658 1142 730 oblitus

162 764 354 864 profesio,
368 770 463 866 quod
478 768 608 865 regenti
627 767 805 863 imperium
820 767 937 841 omnia
950 765 1054 840 nimia
1068 766 1145 839 vel·

163 894 214 949 ut·
238 878 373 971 proceri
397 877 527 973 scopuli
550 876 626 948 sunt
654 872 846 949 devitanda.
873 879 946 950 Nec
968 877 1060 949 enim
1088 874 1145 947 us·

162 1007 279 1081 quam
298 987 463 1083 reperitur
476 987 550 1058 miti
566 985 777 1066 coercitione
794 1003 998 1075 contentus,
1012 984 1069 1058 sed
1080 985 1145 1057 ali·

103 1097 104 1101 ’
158 1096 317 1194 ¹quoties
342 1097 557 1194 quaeslionesy
576 1095 794 1193 multiplicari
823 1094 945 1190 jussisse
962 1112 1146 1196 cruentas,

167 1201 550 1302 posiinterrogationec
568 1203 711 1280 funestas
724 1202 900 1276 nonnullis
917 1202 1064 1301 adusque
1074 1201 1146 1276 dis·

72 1345 74 1348 ·
168 1310 319 1388 crimina
343 1316 425 1390 vitae
448 1315 579 1389 vexatis
596 1341 606 1388 t
624 1318 662 1390 δι
684 1314 731 1386 ita
753 1333 825 1387 erat
854 1312 993 1395 effusior
1014 1314 1057 1394 ad
1077 1331 1155 1385 no·‘

169 1423 344 1514 cendum,
359 1442 397 1495 ut
417 1424 547 1496 nullum
570 1424 759 1520 aliquando
773 1414 1009 1496 damnatorum
1027 1422 1146 1522 capitit

171 1533 324 1626 eriperet
348 1551 459 1604 morte
485 1530 739 1628 subscriptionis
761 1530 879 1628 elogio
902 1531 989 1620 leni,
1012 1557 1092 1606 cum
1110 1531 1147 1602 id

172 1638 278 1712 etiam
304 1640 476 1738 Principes
498 1641 670 1713 interdum
696 1639 808 1714 fecere
832 1639 1011 1714 saevislimi.
1039 1639 1146 1737 Atqui
1256 1654 1258 1656 ’
1371 1638 1372 1641 '

174 1747 293 1844 po'tuit
316 1751 471 1846 exempla
489 1751 597 1823 multa
619 1749 777 1825 contueri
797 1747 986 1844 majorum,
1006 1751 1044 1825 bc
1066 1749 1147 1823 imi·

174 1855 248 1928 tari
263 1859 438 1957 peregrina
462 1879 563 1957 atque
585 1859 719 1934 interna
743 1859 960 1938 humanitatis
982 1864 1020 1934 δι
1038 1861 1147 1956 pieta-

174 1963 245 2052 tis,
261 1991 342 2063 quas
357 1967 520 2066 sapientes
540 1968 806 2070 ‘consanguineas
820 1967 984 2039 virtutum
1004 1968 1069 2039 esse
1085 1969 1147 2069 def·

176 2069 304 2177 finiunt
320 2075 427 2150 bonas
442 2105 451 2156 c
466 2102 484 2151 e
499 2077 621 2176 quibus
636 2079 708 2150 bt'ec
724 2075 977 2173 sufficietponi.
989 2078 1149 2149 Artaxer·

177 2207 239 2258 xes
256 2185 430 2262 Persarum
445 2189 500 2263 ille
518 2213 580 2262 rex
603 2187 873 2285 potentissimus,
891 2212 995 2286 quem
1006 2189 1147 2260 Macro·¹

172 2293 271 2368 'chira
284 2297 426 2372 membri
440 2300 541 2374 tutius
554 2297 739 2397 longitudo
751 2297 1058 2387 commemoravit,
1069 2295 1148 2394 sup·

179 2401 364 2500 pliciorum
392 2405 593 2494 varietates,
617 2430 700 2500 quas
724 2406 818 2478 natio
841 2406 972 2502 semper
996 2405 1149 2479 exercuit

180 2509 307 2596 cruda,
329 2510 465 2594 lenitate
485 2511 632 2606 genuina
652 2509 832 2611 castigans,
851 2512 952 2584 tiaras
974 2513 1018 2585 ad
1036 2507 1149 2587 vicent

182 2617 328 2714 cupitum
342 2613 540 2716 quibusdam
557 2620 671 2696 noxiis
689 2610 905 2716 amputabatc
918 2625 955 2697 bc
970 2649 1012 2695 ne
1025 2623 1150 2698 secaret

181 2753 278 2808 aures
295 2754 392 2804 more
414 2731 509 2828 regio
531 2755 597 2828 pro
619 2731 768 2818 delictis,
784 2757 828 2804 ex
847 2731 969 2832 galeris
988 2731 1044 2806 fila
1062 2759 1151 2830 pen·

182 2838 296 2914 dentia
320 2841 556 2937 praecidebat:
583 2865 660 2940 quae
686 2842 908 2940 temperantia
936 2867 1072 2917 morum
1102 2843 1149 2916 ita

183 2948 394 3025 tolerabilem
410 2977 487 3025 eum
500 2949 581 3025 secit
595 2952 874 3028 &verecundum
886 3007 898 3040 ‚
911 2971 949 3025 ut
963 2953 1150 3028 annitenti·
1169 3016 1171 3021 .

155 3105 157 3109 ·
183 3059 247 3135 bus'
261 3063 390 3138 curtilis
404 3063 531 3136 multos
545 3066 581 3137 δι
595 3063 766 3137 mirabiles
778 3065 871 3139 ullus
883 3064 1037 3161 impleret
1048 3067 1150 3137 Grae·

184 3172 233 3246 cis
248 3171 467 3268 scriptoribus
477 3173 678 3247 celebratos.
690 3171 897 3247 Praenestino
913 3192 1077 3272 praetore,
1088 3176 1149 3274 qui

183 3280 278 3360 bello
293 3281 447 3378 quodam
462 3281 650 3359 Samnitico
666 3281 849 3380 properare
863 3273 965 3377 jussus
978 3284 1020 3356 ad
1036 3284 1149 3380 praesr·

69 3447 75 3460 ,
183 3389 277 3462 diurn
297 3410 437 3463 venerat
458 3391 610 3488 segnius,
623 3393 666 3463 ad
686 3393 813 3465 crimen
833 3393 1030 3466 diluendum
1048 3392 1150 3491 exhi·

184 3498 454 3594 bito,'Papirius
470 3499 598 3572 Cursor
613 3526 651 3572 ea
672 3499 864 3598 tempestate
888 3502 1032 3574 dislator
1055 3500 1150 3574 secu·

183 3633 255 3694 tem
271 3633 332 3712 per
350 3611 501 3682 rictorem
516 3611 664 3708 expediri
676 3666 687 3703 ,
701 3612 909 3711 homineque
925 3611 1051 3708 abjelta
1065 3606 1149 3707 pur·
1224 3665 1229 3677 r

184 3721 286 3834 gaudi
307 3720 340 3798 se
359 3718 483 3817 fiducia
501 3721 709 3830 stnpefabio‚
731 3724 840 3803 visum
864 3749 972 3831 prope
992 3721 1149 3802 fruticem
1298 3760 1300 3773 v
