2775 4284
302 248 468 320 utuuu
493 236 749 321 castruuu
776 248 854 320 tut.
881 236 1013 321 xxxt.
1073 250 1145 343 267

182 432 267 484 mort
297 410 545 505 profanandum
571 412 735 508 pudorem
766 431 889 509 optans
912 434 1039 503 morte,
1066 414 1149 488 licet

182 519 375 607 cruciabili,
398 505 599 615 praevenire
623 526 713 594 Inter
734 548 809 619 quae
835 549 912 596 curn
936 524 1056 597 belluae
1080 524 1148 597 ritu

181 627 369 699 traheretur
386 627 554 723 ingenuus
567 628 670 721 paulo
689 646 768 701 ante
788 628 886 703 dives
899 632 957 720 [δι
968 630 1091 722 liber],
1106 630 1149 703 de

182 740 331 811 Fortuna
358 756 397 807 ut
424 726 621 810 inclementi
644 738 849 831 querebatur
873 743 911 815 δι
936 764 1043 825 caeca,
1069 762 1149 835 quae

181 871 259 919 cum
279 848 408 941 punslo
421 848 583 944 temporis
597 848 696 920 brevi
710 850 834 944 opibus
848 868 1008 937 exutum,
1020 851 1057 922 &
1074 848 1149 920 dul-

182 958 302 1031 cedine
322 947 499 1030 raritatum
514 958 688 1053 'domoque
703 978 897 1049 extorrem,
911 984 1011 1055 quam
1030 948 1149 1033 conci·

138 1086 142 1091 ’
180 1066 375 1139 dissevidit
399 1066 440 1137 in·
458 1066 604 1138 cinerem
633 1070 671 1140 δι
693 1067 823 1157 ruinas,
846 1091 904 1142 aut
932 1066 1150 1141 lacerandum

181 1176 415 1259 membratim,
429 1196 487 1246 aut
510 1174 708 1246 serviturum
731 1177 790 1249 sub
811 1178 1060 1252 verberibus&
1076 1197 1150 1249 tor-

179 1286 305 1359 mentis
320 1286 407 1356 duro
424 1285 596 1357 devovisti
611 1287 748 1360 vislori.
762 1289 897 1361 Barbari
910 1306 1039 1377 tamen,
1055 1288 1150 1361 velut

182 1393 340 1466 dilsrailis
360 1395 472 1467 caveis
489 1394 625 1482 bessiae,
636 1420 696 1488 pet
711 1394 893 1492 spatiorum
913 1396 1150 1493 amplitudines
1192 1437 1193 1449 κ
1240 1485 1243 1490 ,

182 1502 286 1580 fufius
311 1505 441 1578 incitati
454 1560 465 1593 ,
487 1506 652 1602 oppiduln
681 1507 835 1601 petivere
864 1507 1005 1578 nomine
1028 1507 1150 1579 Dibal-

183 1632 276 1703 turn,
301 1614 358 1686 ubi
384 1615 557 1687 tribunum
590 1615 812 1687 scutariorum
840 1615 1063 1689 batzimerem
1097 1614 1151 1685 in·

183 1740 326 1793 ventum
360 1747 437 1794 cum
468 1724 554 1811 suis,
579 1723 808 1819 Cornutisque
837 1725 874 1797 δι
900 1721 972 1795 aliis
997 1720 1151 1817 peditum

183 1829 351 1917 numeris,
366 1830 472 1902 casira
493 1850 678 1924 ponentem
702 1832 870 1918 affiliunt,
889 1829 1059 1903 eruditum
1075 1831 1152 1926 pul·¹

183 1960 266 2009 vere
283 1938 421 2011 militari
443 1942 620 2013 restorem.
641 1938 715 2033 Qui
729 1938 906 2012 confestim
922 1938 984 2038 (ut
997 1938 1152 2036 adigebat

183 2048 526 2124 necessitasinslantis
543 2046 666 2147 exitii)
680 2046 763 2141 julla
785 2071 905 2121 canere
920 2046 1079 2117 bellicum
1097 2063 1152 2118 tu·
1248 2122 1249 2126 ,

183 2159 245 2248 ba,
271 2159 428 2260 lateribus
455 2158 593 2233 firmatis
604 2214 623 2249 ,.
641 2159 806 2258 praerupit
831 2184 909 2233 cum
928 2158 1073 2254 promtis
1096 2184 1153 2233 ac·
1187 2241 1191 2254 ‚
1279 2154 1282 2161 ’

184 2268 301 2341 cinllis
317 2270 359 2340 ad
380 2270 561 2364 proelium:
576 2268 778 2365 fortiterque
794 2267 977 2340 resistendo
998 2266 1068 2363 pari
1089 2292 1154 2364 pu-

135 2464 141 2478 ,
183 2376 308 2472 gnandi
328 2376 417 2447 sorte
437 2376 643 2457 discessisset,
665 2374 700 2443 ni
722 2399 798 2445 eum
823 2373 1154 2467 equitumaccursus

183 2483 413 2579 complurium
428 2482 587 2551 anhelum
610 2481 888 2556 circumvenisset
907 2484 944 2554 &
960 2479 1086 2552 sellum.
1111 2486 1155 2555 Et

183 2592 228 2665 ita
243 2591 380 2676 cecidit,
392 2589 576 2663 intersedis
589 2587 808 2663 barbarorum
825 2613 899 2662 non
913 2587 1050 2687 paucis,
1064 2614 1156 2688 quo·

183 2727 259 2774 rum
273 2702 382 2774 clades
395 2700 572 2796 copiarum
587 2698 790 2797 magnitudo
804 2698 946 2775 celabat.

232 2816 289 2887 tx.
315 2814 371 2887 tte·
388 2811 422 2883 in
449 2812 542 2883 hunc
569 2810 710 2883 modum
738 2812 887 2907 perusia,
909 2810 1041 2901 Gothi,
1069 2810 1163 2909 quid»

161 3019 163 3023 v
184 2922 300 3020 postea
314 2922 529 3008 molirentur,
540 2918 682 3009 incerti,
692 2920 917 3015 quaeritabant
930 2918 1157 3018 Frigeridum,

181 3051 341 3129 tanquam
352 3031 488 3104 obicem
502 3029 651 3101 validum
663 3085 676 3118 ‚
694 3029 756 3102 ubi
769 3030 973 3126 reperirent,
986 3028 1153 3107 excisuri:

183 3146 242 3229 &·‚
273 3142 419 3215 cultiore
439 3142 532 3214 vislu
556 3140 748 3236 somnoque
776 3129 958 3237 parumper
985 3139 1154 3237 assumto,

184 3276 262 3323 eum
276 3249 512 3345 sequebantur,
525 3267 562 3321 ut
572 3247 668 3333 serae3
678 3246 787 3336 dotti,
801 3249 895 3343 quod
907 3248 1061 3321 Gratiani
1073 3274 1155 3321 mo·

185 3362 262 3436 nitu
277 3362 432 3434 reversus
452 3362 487 3434 in
510 3361 696 3448 Thracias,
711 3362 749 3434 &
764 3385 872 3457 prope
888 3362 1042 3433 Reroeam
1058 3360 1155 3435 vallo

75 3534 79 3541 .
182 3489 333 3555 metato,
354 3490 497 3543 eventus
523 3496 635 3543 return
659 3470 892 3566 speculabatur
913 3468 1088 3566 ancipites.
1110 3472 1155 3541 Et

183 3578 222 3651 hi
236 3578 383 3673 quidem
415 3578 456 3649 ad
481 3581 682 3672 patrandum
706 3558 1175 3676 propositumdiscursrone⁴
1270 3641 1274 3649 Α

183 3688 300 3787 rapida
318 3688 539 3764 maturabant.
564 3689 730 3765 Illevero
751 3689 888 3789 regendi
910 3688 1154 3773 consecrandi·¹
1175 3716 1176 3720 ¹
