2775 4284
280 285 349 356 272
445 255 702 330 autemut
734 257 1121 346 unucaumut

274 417 364 516 gulis
382 416 446 491 suis
462 417 559 490 omni
577 417 813 515 perseverandi
824 417 935 492 studio
948 415 1249 514 contemplantes,

279 527 357 625 post
375 527 605 615 deditionem,
623 551 723 623 quam
750 527 977 628 impetravere
997 527 1137 624 supplici
1167 553 1253 623 pre‘·

124 633 129 650 ’
189 679 193 706 ι
279 663 344 729 ce,
363 637 504 726 oblata,
531 651 568 706 ut
594 654 802 731 praceptum
829 636 877 709 est
894 689 905 726 ,
924 635 1106 732 juventute
1132 637 1253 711 valida

278 747 403 822 nostris
423 743 590 820 tirociniis
613 745 866 839 permiscenda,
895 747 937 818 ad
938 747 1114 849 genitales
1139 764 1252 819 terras

278 857 417 934 innoxii
437 857 487 930 ire
510 856 654 952 permissi
671 855 765 931 sunt.
787 860 885 932 Hanc
907 857 1086 932 visloriam
1110 883 1252 954 oppor-

277 991 395 1046 tunam
420 973 459 1044 δι
475 965 705 1058 ’ἷτυᾶιιοίεπι,
723 993 799 1066 quae
822 987 937 1068 gentes
957 969 1129 1043 hebetavit
1149 970 1250 1043 ocei-

278 1083 382 1171 duas,
404 1077 598 1176 sempiterni
625 1077 774 1150 numinis
798 1103 882 1154 nutu
906 1080 1110 1170 Gratianus,
1131 1079 1250 1154 incre-

277 1189 382 1262 dibile
400 1189 489 1261 dislu
511 1186 571 1276 est,
585 1206 720 1282 quanto
738 1211 816 1260 cum
837 1187 959 1285 vigore
974 1190 1101 1264 exserta
1122 1190 1250 1264 celeri·
1350 1212 1352 1217 ’

278 1315 347 1372 tate
374 1297 531 1370 aliorsum
556 1320 744 1392 properans
769 1298 972 1394 expedivitz
992 1300 1160 1395 praeclarae
1186 1300 1249 1372 in-

206 1507 208 1512 ·
264 1407 375 1482 ululis'
392 1405 809 1497 adolescens,·sacundus,
830 1409 870 1481 &
892 1409 1106 1498 moderatus,
1122 1412 1159 1482 δι
1172 1409 1251 1482 bel-

225 1582 229 1608 ,
277 1513 427 1606 ficosus,
452 1517 491 1588 δι
519 1516 694 1588 clemens:
720 1517 769 1619 pa
800 1517 1052 1590 emulationem
1081 1517 1248 1595 leslorum

157 1647 162 1654 ·
276 1625 501 1724 progrediens
519 1625 736 1722 Principum,
749 1628 829 1699 dum
849 1627 1021 1700 etiamtum
1042 1629 1166 1727 lanugo
1185 1656 1247 1726 ge-

1347 674 1352 802 l

1348 1065 1352 1201 l

1348 1253 1352 1377 l

1350 1648 1352 1725 l

276 1735 331 1808 nis
354 1733 536 1832 inserperet
558 1734 728 1839 speciosa,
756 1735 793 1806 ni
815 1742 959 1833 vergens
984 1738 1020 1810 in
1038 1737 1246 1814 ludibriosos
1350 1750 1351 1753 ’

277 1846 370 1920 allus
394 1864 513 1917 natura
527 1893 544 1932 ,ι
560 1845 750 1921 laxantibus
772 1846 942 1943 proximis
962 1845 1072 1923 ‘semet
1091 1847 1134 1918 ad
1158 1874 1246 1920 vana

277 1955 386 2030 sludia
398 1954 538 2036 Cesaris
558 1956 749 2029 Commodi
769 1955 1010 2046 convertissem
1023 1957 1103 2029 licet
1115 1957 1173 2058 bic'
1190 1958 1245 2029 in·
1350 1968 1351 2051 {

278 2081 451 2144 cruentus.
472 2071 522 2141 Ut
542 2065 634 2139 enim
657 2060 736 2155 ille,
750 2064 841 2163 =quia
858 2067 1024 2162 perimere
1036 2065 1156 2161 jaculis
1173 2068 1241 2163 plu'·
1350 2096 1351 2139 3

145 2159 149 2174 ¹
234 2178 378 2252 ¹rimas
395 2177 481 2249 seras
505 2177 675 2271 speslante·
694 2174 920 2247 consueverat
942 2177 1152 2271 populo‚&
1168 2190 1240 2264 ce'n·
1350 2180 1351 2191 ’

277 2301 349 2363 tum
371 2287 544 2359 leonesin
571 2285 842 2384 amphitheatrali
870 2276 1122 2359 circulosrmul
1143 2285 1242 2358 emis·
1275 2329 1284 2335 —
1350 2260 1351 2313 ³

278 2399 332 2470 sos
353 2398 502 2469 telorum
527 2395 627 2468 vario
647 2419 796 2490 genere,
814 2394 911 2466 nullo
933 2394 1105 2492 geminato
1118 2395 1242 2468 vulne·

277 2532 314 2580 re
336 2501 606 2606 contrun'cavit,
625 2503 729 2574 ultra·
749 2501 924 2581 hominem
941 2503 1134 2604 exsulavit
1159 2529 1168 2575 ε
1195 2502 1244 2575 ita

258 2619 333 2692 'bic
360 2641 501 2716 quoque
518 2613 735 2711 intra-septa,
755 2638 832 2712 quae
846 2616 1018 2713 appellant
1030 2617 1178 2706 vivaria,
1195 2617 1244 2688 sa-

277 2730 434 2828 gittarum
459 2725 607 2824 pulsibus
631 2726 760 2798 crebris
776 2727 941 2801 'dentatas
968 2726 1154 2801 conficiens
1182 2729 1244 2799 be·

255 2839 352 2936 ruas
362 2891 373 2927 ‚
385 2836 572 2910 'incidentia
585 2837 700 2917 'multa
718 2836 821 2931 parui
842 2837 1052 2910 ducebat&
1066 2834 1147 2929 seria
1161 2865 1175 2908 ⁴:
1200 2861 1243 2907 eo

258 2963 457 3039 ‘tempore,
485 2964 578 3046 quo,
598 2935 726 3015 etiamst
753 2935 1103 3048 impe'riumMarcus·¹
1113 2959 1242 3041 tegeret

277 3049 473 3129 Antoninus
486 3053 605 3154 ,faegre
630 3055 702 3128 sine
721 3045 1042 3154 collegis‘sr‘tnilibus
1062 3061 1104 3132 δῖ
1123 3082 1242 3151 magna
1350 3134 1351 3163 1

278 3165 463 3238 sobrietate·
475 3166 703 3238 confusiorum
721 3165 830 3238 lenire
850 3168 1021 3240 lusluosos
1048 3167 1245 3263 reipubllcae

158 3335 161 3341 .
276 3293 413 3376 poterat
428 3263 530 3352 casus.
542 3276 727 3373 'Dispositis
737 3278 954 3377 igitargcqu'ae
967 3301 1033 3375 pro
1048 3294 1244 3373 temporum

278 3405 380 3481 captu
410 3411 469 3482 per
492 3385 624 3486 Gallias
649 3411 703 3459 res
728 3376 944 3485 rationesque
962 3386 1179 3484 poscebant,
1203 3387 1245 3459 δι

278 3493 401 3591 punito
425 3494 571 3568 scutario
579 3514 588 3548 ι·
594 3495 794 3592 proditote3
809 3497 870 3595 qui
883 3490 1039 3570 festinare
1053 3495 1246 3590 Principem

278 3602 321 3674 ad
346 3602 523 3702 Illyricum
542 3597 699 3678 'barbaris
726 3603 1124 3692 indicarat;·Gratia'nus
1146 3601 1243 3674 exiu-

268 3717 320 3790 ·de
340 3714 502 3816 digressus
518 3728 577 3812 pet
591 3713 696 3791 castra
710 3767 722 3811 ,
736 3709 856 3814 quibus
881 3713 1168 3792 Felicis-Arboris
1179 3737 1244 3786 no·
