2775 4284
234 287 279 336 22
347 221 648 330 Ἀιιιιιιιιι
684 252 1050 330 munerantur
1158 251 1162 263 ’

233 413 433 514 profuderat
457 411 601 499 civitas;
628 430 854 514 proruptores
879 411 937 486 alii
959 438 1005 488 ex
1037 411 1214 488 contraria
1246 499 1250 502 .

133 519 136 527 ¹
235 525 389 599 fluminis
408 523 492 650 ripa
513 523 663 627 jumenta
684 548 763 598 nos
775 522 950 622 sequentia
974 510 1052 596 cuin
1069 522 1214 648 pabula·

199 683 203 691 ,
236 636 372 715 toribus
395 635 511 735 paucis
537 634 682 713 licenter
707 631 930 730 palantibus
921 632 1145 732 intercipiunt
1172 635 1214 707 δι

237 749 457 854 obtruncant.
482 749 586 824 Unde
618 746 792 847 prosedlus
821 754 1010 846 Imperator
1039 749 1146 822 iratus
1173 748 1214 820 δι
1245 770 1254 778 ·

234 857 420 950 frendens,
440 859 577 958 jamque
596 858 795 958 regionibus
809 857 1045 954 Ctesiphontis
1065 853 1214 952 propin-

235 991 365 1065 quans,
381 966 506 1042 celsum
520 968 693 1042 castellum
712 968 860 1042 offendit
874 965 1215 1042 &munitislimumt
1298 1036 1302 1044 ,

237 1075 281 1147 ad
300 1074 395 1172 quod
409 1075 667 1191 explorandum
679 1073 782 1148 ausus
801 1075 983 1161 accedere,
1006 1072 1187 1148 obscurior
1200 1073 1223 1161 ‚'

238 1203 277 1260 ut
306 1185 376 1282 ipse
408 1163 570 1277 rebatur,
595 1212 674 1261 cum
698 1181 813 1283 paucis
834 1185 1040 1283 obequitans
1067 1205 1214 1273 tnurot,

141 1310 171 1377 '-
237 1296 412 1395 pauloque
434 1297 602 1370 avidius
592 1311 693 1370 rntra'
708 1297 830 1393 jallum
856 1296 1005 1369 telorum
1033 1310 1216 1390 repertus,
1260 1343 1269 1350 -

237 1407 342 1481 latere
359 1432 432 1478 non
454 1408 596 1512 potuit.
606 1405 794 1508 statimque
811 1403 1025 1507 divepsotum
1041 1402 1218 1477 mislilium

194 1572 198 1578 .
238 1518 331 1589 nube
345 1513 542 1615 exagitatus
547 1518 728 1614 oppetisset
741 1535 918 1592 tormento
933 1513 1084 1604 murali,
1087 1539 1123 1584 nr
1112 1510 1218 1582 vul·

239 1647 360 1701 nerato
375 1629 545 1728 armigero
559 1683 570 1720 ,
583 1629 644 1728 qui
669 1628 811 1704 lateri
782 1655 854 1724 erus
873 1629 1038 1713 herebat,
1053 1624 1124 1721 ipse
1141 1622 1218 1696 sc'u·
1261 1661 1265 1667 ,
1315 1618 1319 1624 ’

157 1779 161 1782 -
238 1754 357 1810 torum
381 1737 542 1810 densitate
570 1741 772 1827 comasius,
797 1740 928 1814 evitato
949 1759 1076 1834 magno
1102 1731 1220 1806 discri-

239 1849 333 1922 mine
354 1850 551 1926 disceffiffet.
565 1853 645 1946 Qua
660 1851 760 1927 causa
778 1850 937 1925 concitus
958 1847 1125 1935 immane,
1139 1870 1217 1948 mu·

240 1957 431 2034 nimentum
454 1961 617 2059 disposuit
636 1963 815 2054 obsidere,
840 1956 1114 2058 prohibitoribus
1127 1945 1218 2028 acri·

125 2161 133 2180 ,
204 2149 207 2160 Α
241 2087 295 2142 ter
309 2072 350 2142 ad
365 2070 425 2144 tes
428 2070 598 2144 siendum
590 2089 730 2144 intentis
737 2069 859 2169 ,quod
873 2069 956 2142 loco
970 2064 1120 2159 sidebant
1136 2087 1223 2158 pro·
1293 2158 1304 2162 ν

193 2269 199 2280 ,
221 2233 222 2236 ,
241 2179 428 2275 pemoduru
452 2178 646 2266 inaccesso,
668 2178 835 2274 quodque
847 2201 909 2247 rex
931 2199 1011 2247 cum
1032 2150 1218 2246 ambitiofis
1277 2211 1281 2217 ·

243 2284 354 2380 copiis
369 2285 514 2384 paffibus
534 2286 609 2360 citis
624 2286 1001 2382 incedenspropediem
1018 2283 1126 2357 affore
1139 2305 1218 2355 cre·

243 2397 396 2468 debatur.
409 2397 594 2496 Jamque
561 2396 671 2472 vineis
686 2397 873 2496 &residuis
882 2396 1056 2491 omnibus,
1065 2421 1142 2493 quae
1152 2417 1231 2489 po··.
1299 2407 1303 2411 ’

241 2494 356 2582 scebat
372 2509 560 2603 obsidium,
575 2513 726 2610 paratis,
743 2509 862 2611 vigilia
870 2506 1017 2584 secunda
1027 2505 1218 2604 precipiti,

245 2645 325 2724 cum
342 2645 415 2694 nox
439 2620 517 2694 casu
533 2640 625 2697 -tunc
646 2622 764 2696 lunari
782 2622 962 2719 splendore
989 2617 1124 2706 nitens,
1139 2615 1220 2702 his,

207 2768 209 2778 ι
244 2756 307 2828 qut
296 2731 603 2830 propugnaculis
609 2731 805 2806 insistebant
813 2750 955 2828 ,aperte
981 2729 1220 2804 cundiamo'n·

243 2845 385 2916 straret·
397 2862 550 2940 repente
556 2847 594 2918 in
607 2871 717 2920 ιιιιιιιιι
704 2844 863 2944 pondus
873 2845 991 2918 coacta
1006 2838 1219 2927 multitudo,

244 2950 423 3076 patesaslis
433 2943 545 3025 suliito
570 2954 699 3051 portis,
722 2952 854 3055 erupit:
869 2951 1118 3046 cohortemque
1135 2969 1220 3018 uec·-

209 3073 211 3077 ’
247 3061 446 3184 opinantem
474 3063 615 3156 adorta,
639 3062 838 3138 nostrorum
857 3061 983 3138 cecidit
1003 3055 1221 3155 complures:

102 3225 107 3243 ,
178 3195 180 3200 ’
247 3169 337 3244 inter
358 3197 447 3267 quos
463 3173 565 3246 etiam
581 3174 739 3249 tribunus
751 3190 940 3273 peremtus
931 3169 1012 3258 est,
1029 3164 1249 3265 ρειὶειιιιιιιιῖ
1334 3218 1336 3223 -

246 3280 443 3378 propulsare
470 3301 625 3357 conatus.
657 3287 748 3377 Quae
767 3307 846 3356 cum
870 3280 916 3354 ita
944 3292 1118 3376 aguntur,
1131 3267 1241 3371 pari'

248 3393 358 3464 modo
381 3411 420 3464 ut
433 3411 548 3482 antea,
564 3393 670 3468 Persae
682 3419 725 3466 ex
735 3390 875 3466 adversa
892 3383 1082 3461 fluminis
1055 3409 1129 3480 ripa
1142 3409 1223 3479 par·

246 3525 316 3575 tem
329 3501 443 3574 adorti
452 3503 670 3597 nostrorum,
681 3502 864 3578 interfellis
873 3495 1218 3600 qtribusdam‚vittos

251 3630 379 3706 cepere,
393 3614 601 3691 nonnullos.'
612 3621 654 3690 Et
672 3617 816 3704 timore,
833 3613 929 3687 fimut
944 3610 1024 3711 quia
1044 3607 1171 3713 venisse
1184 3605 1222 3677 in

248 3716 415 3814 majorem
428 3714 608 3798 numerum
620 3727 733 3824 copia
744 3725 952 3824 putabantur
964 3720 1124 3813 hostiles,
1137 3740 1221 3822 egea¹
1314 3714 1317 3718 ⁴

979 4061 986 4105 l
