<?xml version="1.0" encoding="UTF-8"?>
<!DOCTYPE html PUBLIC "-//W3C//DTD XHTML 1.0 Transitional//EN"
    "http://www.w3.org/TR/xhtml1/DTD/xhtml1-transitional.dtd">
<html xmlns="http://www.w3.org/1999/xhtml" xml:lang="en" lang="en">
 <head>
  <title>
</title>
<meta http-equiv="Content-Type" content="text/html;charset=utf-8" />
  <meta name='ocr-system' content='tesseract 3.04.00' />
  <meta name='ocr-capabilities' content='ocr_page ocr_carea ocr_par ocr_line ocrx_word'/>
</head>
<body>
  <div class='ocr_page' id='page_1' title='image "ammianimarcelli00ernegoog_0253.png"; bbox 0 0 2775 4284; ppageno 0'>
   <div class='ocr_carea' id='block_1_1' title="bbox 278 244 1094 350">
    <p class='ocr_par' dir='ltr' id='par_1_1' title="bbox 278 244 1094 350">
     <span class='ocr_line' id='line_1_1' title="bbox 278 244 1094 350; baseline -0.018 -22"><span class='ocrx_word' id='word_1_1' title='bbox 278 257 347 350; x_wconf 81' lang='lat'>256</span> <span class='ocrx_word' id='word_1_2' title='bbox 422 251 680 324; x_wconf 78' lang='lat' dir='ltr'>Ablbllel</span> <span class='ocrx_word' id='word_1_3' title='bbox 716 244 1094 318; x_wconf 71' lang='lat' dir='ltr'>Muucttttttt</span> 
     </span>
    </p>
   </div>
   <div class='ocr_carea' id='block_1_2' title="bbox 194 397 1247 1168">
    <p class='ocr_par' dir='ltr' id='par_1_2' title="bbox 194 397 1247 1168">
     <span class='ocr_line' id='line_1_2' title="bbox 276 397 1246 509; baseline -0.018 -20"><span class='ocrx_word' id='word_1_4' title='bbox 276 417 331 489; x_wconf 88' lang='lat' dir='ltr'>sus</span> <span class='ocrx_word' id='word_1_5' title='bbox 345 469 356 504; x_wconf 89' lang='lat'>,</span> <span class='ocrx_word' id='word_1_6' title='bbox 369 397 406 486; x_wconf 85' lang='lat' dir='ltr'>ilt</span> <span class='ocrx_word' id='word_1_7' title='bbox 420 417 458 487; x_wconf 81' lang='lat' dir='ltr'>dt</span> <span class='ocrx_word' id='word_1_8' title='bbox 474 411 624 509; x_wconf 88' lang='lat' dir='ltr'>imperiis</span> <span class='ocrx_word' id='word_1_9' title='bbox 639 411 864 500; x_wconf 79' lang='lat' dir='ltr'>obediret,‘·&amp;</span> <span class='ocrx_word' id='word_1_10' title='bbox 876 407 1010 504; x_wconf 86' lang='lat' dir='ltr'>regibus</span> <span class='ocrx_word' id='word_1_11' title='bbox 1022 402 1145 478; x_wconf 85' lang='lat' dir='ltr'>validis</span> <span class='ocrx_word' id='word_1_12' title='bbox 1157 401 1246 496; x_wconf 86' lang='lat' dir='ltr'>jun·</span> 
     </span>
     <span class='ocr_line' id='line_1_3' title="bbox 276 513 1242 624; baseline -0.011 -28"><span class='ocrx_word' id='word_1_13' title='bbox 276 546 434 624; x_wconf 77' lang='lat' dir='ltr'>geretur,</span> <span class='ocrx_word' id='word_1_14' title='bbox 462 527 619 598; x_wconf 84' lang='lat' dir='ltr'>incedens</span> <span class='ocrx_word' id='word_1_15' title='bbox 648 522 806 618; x_wconf 87' lang='lat' dir='ltr'>segnius,</span> <span class='ocrx_word' id='word_1_16' title='bbox 831 516 1119 613; x_wconf 79' lang='lat' dir='ltr'>Marcianopolim</span> <span class='ocrx_word' id='word_1_17' title='bbox 1140 513 1242 586; x_wconf 85' lang='lat' dir='ltr'>tarde</span> 
     </span>
     <span class='ocr_line' id='line_1_4' title="bbox 278 625 1245 731; baseline -0.016 -24"><span class='ocrx_word' id='word_1_18' title='bbox 278 635 436 731; x_wconf 88' lang='lat' dir='ltr'>pervenit</span> <span class='ocrx_word' id='word_1_19' title='bbox 458 634 635 705; x_wconf 80' lang='lat' dir='ltr'>itineribus</span> <span class='ocrx_word' id='word_1_20' title='bbox 660 630 768 702; x_wconf 87' lang='lat' dir='ltr'>lentis</span> <span class='ocrx_word' id='word_1_21' title='bbox 792 631 862 702; x_wconf 91' lang='lat' dir='ltr'>Ubi</span> <span class='ocrx_word' id='word_1_22' title='bbox 877 629 969 702; x_wconf 88' lang='lat' dir='ltr'>aliud</span> <span class='ocrx_word' id='word_1_23' title='bbox 988 625 1122 700; x_wconf 85' lang='lat' dir='ltr'>acceffit</span> <span class='ocrx_word' id='word_1_24' title='bbox 1145 644 1245 697; x_wconf 89' lang='lat' dir='ltr'>atto-</span> 
     </span>
     <span class='ocr_line' id='line_1_5' title="bbox 278 735 1245 842; baseline -0.011 -24"><span class='ocrx_word' id='word_1_25' title='bbox 278 746 378 833; x_wconf 87' lang='lat' dir='ltr'>cius,</span> <span class='ocrx_word' id='word_1_26' title='bbox 397 745 493 842; x_wconf 89' lang='lat' dir='ltr'>quod</span> <span class='ocrx_word' id='word_1_27' title='bbox 515 742 639 813; x_wconf 87' lang='lat' dir='ltr'>arsuras</span> <span class='ocrx_word' id='word_1_28' title='bbox 658 742 693 812; x_wconf 92' lang='lat' dir='ltr'>in</span> <span class='ocrx_word' id='word_1_29' title='bbox 712 765 895 814; x_wconf 89' lang='lat' dir='ltr'>commune</span> <span class='ocrx_word' id='word_1_30' title='bbox 915 740 1057 812; x_wconf 80' lang='lat' dir='ltr'>exitium</span> <span class='ocrx_word' id='word_1_31' title='bbox 1079 737 1170 810; x_wconf 89' lang='lat' dir='ltr'>faces</span> <span class='ocrx_word' id='word_1_32' title='bbox 1181 735 1245 806; x_wconf 82' lang='lat' dir='ltr'>br·</span> 
     </span>
     <span class='ocr_line' id='line_1_6' title="bbox 277 845 1245 947; baseline -0.011 -21"><span class='ocrx_word' id='word_1_33' title='bbox 277 854 374 926; x_wconf 89' lang='lat' dir='ltr'>riales</span> <span class='ocrx_word' id='word_1_34' title='bbox 399 853 563 924; x_wconf 78' lang='lat' dir='ltr'>accendit.</span> <span class='ocrx_word' id='word_1_35' title='bbox 594 851 751 922; x_wconf 76' lang='lat' dir='ltr'>Alavivo</span> <span class='ocrx_word' id='word_1_36' title='bbox 775 853 813 924; x_wconf 76' lang='lat' dir='ltr'>bt</span> <span class='ocrx_word' id='word_1_37' title='bbox 835 849 1024 947; x_wconf 83' lang='lat' dir='ltr'>Fritigerno</span> <span class='ocrx_word' id='word_1_38' title='bbox 1045 850 1089 921; x_wconf 91' lang='lat' dir='ltr'>ad</span> <span class='ocrx_word' id='word_1_39' title='bbox 1112 845 1245 920; x_wconf 82' lang='lat' dir='ltr'>conri-</span> 
     </span>
     <span class='ocr_line' id='line_1_7' title="bbox 277 953 1244 1058; baseline -0.008 -23"><span class='ocrx_word' id='word_1_40' title='bbox 277 965 374 1035; x_wconf 86' lang='lat' dir='ltr'>vium</span> <span class='ocrx_word' id='word_1_41' title='bbox 406 961 621 1058; x_wconf 80' lang='lat' dir='ltr'>corrogatis,</span> <span class='ocrx_word' id='word_1_42' title='bbox 645 953 832 1058; x_wconf 73' lang='lat' dir='ltr'>Lupicinus</span> <span class='ocrx_word' id='word_1_43' title='bbox 858 962 900 1034; x_wconf 88' lang='lat' dir='ltr'>ab</span> <span class='ocrx_word' id='word_1_44' title='bbox 924 959 1045 1058; x_wconf 86' lang='lat' dir='ltr'>oppidi</span> <span class='ocrx_word' id='word_1_45' title='bbox 1067 958 1244 1030; x_wconf 82' lang='lat' dir='ltr'>moenibus</span> 
     </span>
     <span class='ocr_line' id='line_1_8' title="bbox 194 1067 1247 1168; baseline -0.01 -22"><span class='ocrx_word' id='word_1_46' title='bbox 194 1147 202 1166; x_wconf 50' lang='lat'>,</span> <span class='ocrx_word' id='word_1_47' title='bbox 278 1071 450 1145; x_wconf 89' lang='lat' dir='ltr'>batbaram</span> <span class='ocrx_word' id='word_1_48' title='bbox 476 1071 608 1168; x_wconf 86' lang='lat' dir='ltr'>plebem</span> <span class='ocrx_word' id='word_1_49' title='bbox 628 1072 790 1168; x_wconf 87' lang='lat' dir='ltr'>oppostto</span> <span class='ocrx_word' id='word_1_50' title='bbox 810 1070 919 1144; x_wconf 86' lang='lat' dir='ltr'>milite</span> <span class='ocrx_word' id='word_1_51' title='bbox 939 1068 1062 1165; x_wconf 90' lang='lat' dir='ltr'>procul</span> <span class='ocrx_word' id='word_1_52' title='bbox 1083 1067 1247 1154; x_wconf 90' lang='lat' dir='ltr'>arcebat,</span> 
     </span>
    </p>
   </div>
   <div class='ocr_carea' id='block_1_3' title="bbox 1350 310 1353 641">
    <p class='ocr_par' dir='ltr' id='par_1_3' title="bbox 1350 310 1353 641">
     <span class='ocr_line' id='line_1_9' title="bbox 1350 310 1353 439; baseline 0 0"><span class='ocrx_word' id='word_1_53' title='bbox 1350 310 1353 439; x_wconf 85' lang='lat' dir='ltr'>s</span> 
     </span>
     <span class='ocr_line' id='line_1_10' title="bbox 1350 510 1353 641; baseline 0 0"><span class='ocrx_word' id='word_1_54' title='bbox 1350 510 1353 641; x_wconf 86' lang='lat' dir='ltr'>s</span> 
     </span>
    </p>
   </div>
   <div class='ocr_carea' id='block_1_4' title="bbox 280 1160 1355 1385">
    <p class='ocr_par' dir='ltr' id='par_1_4' title="bbox 280 1160 1355 1385">
     <span class='ocr_line' id='line_1_11' title="bbox 280 1160 1355 1278; baseline -0.007 -26"><span class='ocrx_word' id='word_1_55' title='bbox 280 1181 424 1254; x_wconf 89' lang='lat' dir='ltr'>introire</span> <span class='ocrx_word' id='word_1_56' title='bbox 449 1183 490 1252; x_wconf 90' lang='lat' dir='ltr'>ad</span> <span class='ocrx_word' id='word_1_57' title='bbox 512 1182 737 1278; x_wconf 87' lang='lat' dir='ltr'>comparanda</span> <span class='ocrx_word' id='word_1_58' title='bbox 765 1181 874 1256; x_wconf 70' lang='lat' dir='ltr'>vidui</span> <span class='ocrx_word' id='word_1_59' title='bbox 896 1179 1099 1266; x_wconf 81' lang='lat' dir='ltr'>necessaria,</span> <span class='ocrx_word' id='word_1_60' title='bbox 1123 1195 1162 1247; x_wconf 90' lang='lat' dir='ltr'>ut</span> <span class='ocrx_word' id='word_1_61' title='bbox 1188 1175 1247 1246; x_wconf 88' lang='lat' dir='ltr'>di·</span> <span class='ocrx_word' id='word_1_62' title='bbox 1353 1160 1355 1195; x_wconf 75' lang='lat'>;</span> 
     </span>
     <span class='ocr_line' id='line_1_12' title="bbox 280 1288 1354 1385; baseline -0.005 -23"><span class='ocrx_word' id='word_1_63' title='bbox 280 1289 371 1362; x_wconf 89' lang='lat' dir='ltr'>tioui</span> <span class='ocrx_word' id='word_1_64' title='bbox 393 1288 515 1360; x_wconf 85' lang='lat' dir='ltr'>nostrae</span> <span class='ocrx_word' id='word_1_65' title='bbox 537 1289 725 1362; x_wconf 82' lang='lat' dir='ltr'>obnoxiam</span> <span class='ocrx_word' id='word_1_66' title='bbox 747 1294 787 1364; x_wconf 78' lang='lat' dir='ltr'>dt</span> <span class='ocrx_word' id='word_1_67' title='bbox 806 1290 1033 1370; x_wconf 84' lang='lat' dir='ltr'>concordem,</span> <span class='ocrx_word' id='word_1_68' title='bbox 1048 1313 1110 1385; x_wconf 90' lang='lat' dir='ltr'>per</span> <span class='ocrx_word' id='word_1_69' title='bbox 1126 1309 1247 1382; x_wconf 82' lang='lat' dir='ltr'>preces</span> <span class='ocrx_word' id='word_1_70' title='bbox 1353 1292 1354 1297; x_wconf 76' lang='grc'>’</span> 
     </span>
    </p>
   </div>
   <div class='ocr_carea' id='block_1_5' title="bbox 280 1394 1247 1714">
    <p class='ocr_par' dir='ltr' id='par_1_5' title="bbox 280 1394 1247 1714">
     <span class='ocr_line' id='line_1_13' title="bbox 280 1394 1247 1499; baseline -0.008 -27"><span class='ocrx_word' id='word_1_71' title='bbox 280 1401 406 1472; x_wconf 85' lang='lat' dir='ltr'>assidue</span> <span class='ocrx_word' id='word_1_72' title='bbox 423 1399 650 1494; x_wconf 87' lang='lat' dir='ltr'>postulantem</span> <span class='ocrx_word' id='word_1_73' title='bbox 666 1400 841 1499; x_wconf 86' lang='lat' dir='ltr'>:ortisque</span> <span class='ocrx_word' id='word_1_74' title='bbox 861 1398 1047 1493; x_wconf 84' lang='lat' dir='ltr'>majoribus</span> <span class='ocrx_word' id='word_1_75' title='bbox 1064 1397 1180 1493; x_wconf 83' lang='lat' dir='ltr'>jurgiis</span> <span class='ocrx_word' id='word_1_76' title='bbox 1192 1394 1247 1465; x_wconf 91' lang='lat' dir='ltr'>in·</span> 
     </span>
     <span class='ocr_line' id='line_1_14' title="bbox 280 1505 1246 1604; baseline -0.008 -23"><span class='ocrx_word' id='word_1_77' title='bbox 280 1529 333 1581; x_wconf 85' lang='lat' dir='ltr'>tet</span> <span class='ocrx_word' id='word_1_78' title='bbox 359 1508 566 1580; x_wconf 87' lang='lat' dir='ltr'>habitatores</span> <span class='ocrx_word' id='word_1_79' title='bbox 592 1511 630 1582; x_wconf 78' lang='lat' dir='ltr'>dt</span> <span class='ocrx_word' id='word_1_80' title='bbox 659 1509 814 1596; x_wconf 85' lang='lat' dir='ltr'>vetitos,</span> <span class='ocrx_word' id='word_1_81' title='bbox 840 1507 988 1604; x_wconf 85' lang='lat' dir='ltr'>adusque</span> <span class='ocrx_word' id='word_1_82' title='bbox 1015 1505 1246 1577; x_wconf 83' lang='lat' dir='ltr'>necessitatem</span> 
     </span>
     <span class='ocr_line' id='line_1_15' title="bbox 280 1610 1247 1714; baseline -0.004 -28"><span class='ocrx_word' id='word_1_83' title='bbox 280 1618 456 1714; x_wconf 89' lang='lat' dir='ltr'>pugnandi</span> <span class='ocrx_word' id='word_1_84' title='bbox 474 1617 522 1688; x_wconf 85' lang='lat' dir='ltr'>est</span> <span class='ocrx_word' id='word_1_85' title='bbox 546 1635 701 1702; x_wconf 82' lang='lat' dir='ltr'>ventum.</span> <span class='ocrx_word' id='word_1_86' title='bbox 727 1616 932 1713; x_wconf 84' lang='lat' dir='ltr'>Efferatique</span> <span class='ocrx_word' id='word_1_87' title='bbox 953 1614 1066 1687; x_wconf 81' lang='lat' dir='ltr'>actius</span> <span class='ocrx_word' id='word_1_88' title='bbox 1087 1610 1247 1697; x_wconf 83' lang='lat' dir='ltr'>barbari,</span> 
     </span>
    </p>
   </div>
   <div class='ocr_carea' id='block_1_6' title="bbox 282 1724 1355 1825">
    <p class='ocr_par' dir='ltr' id='par_1_6' title="bbox 282 1724 1355 1825">
     <span class='ocr_line' id='line_1_16' title="bbox 282 1724 1355 1825; baseline -0.001 -27"><span class='ocrx_word' id='word_1_89' title='bbox 282 1751 362 1799; x_wconf 90' lang='lat' dir='ltr'>cum</span> <span class='ocrx_word' id='word_1_90' title='bbox 387 1727 641 1801; x_wconf 70' lang='lat' dir='ltr'>necessitudines</span> <span class='ocrx_word' id='word_1_91' title='bbox 661 1729 828 1802; x_wconf 90' lang='lat' dir='ltr'>hosliliter</span> <span class='ocrx_word' id='word_1_92' title='bbox 853 1727 928 1825; x_wconf 88' lang='lat' dir='ltr'>rapi</span> <span class='ocrx_word' id='word_1_93' title='bbox 951 1726 1139 1813; x_wconf 82' lang='lat' dir='ltr'>sentirent,</span> <span class='ocrx_word' id='word_1_94' title='bbox 1164 1724 1248 1819; x_wconf 91' lang='lat' dir='ltr'>spo·</span> <span class='ocrx_word' id='word_1_95' title='bbox 1354 1766 1355 1797; x_wconf 63' lang='grc'>;</span> 
     </span>
    </p>
   </div>
   <div class='ocr_carea' id='block_1_7' title="bbox 282 1835 1249 1932">
    <p class='ocr_par' dir='ltr' id='par_1_7' title="bbox 282 1835 1249 1932">
     <span class='ocr_line' id='line_1_17' title="bbox 282 1835 1249 1932; baseline 0 -27"><span class='ocrx_word' id='word_1_96' title='bbox 282 1835 407 1908; x_wconf 87' lang='lat' dir='ltr'>liaruut</span> <span class='ocrx_word' id='word_1_97' title='bbox 421 1836 628 1908; x_wconf 72' lang='lat' dir='ltr'>interfedam</span> <span class='ocrx_word' id='word_1_98' title='bbox 643 1837 788 1909; x_wconf 89' lang='lat' dir='ltr'>militum</span> <span class='ocrx_word' id='word_1_99' title='bbox 805 1863 955 1912; x_wconf 88' lang='lat' dir='ltr'>manum.</span> <span class='ocrx_word' id='word_1_100' title='bbox 968 1837 1078 1932; x_wconf 86' lang='lat' dir='ltr'>Quod</span> <span class='ocrx_word' id='word_1_101' title='bbox 1091 1835 1249 1908; x_wconf 88' lang='lat' dir='ltr'>accidens</span> 
     </span>
    </p>
   </div>
   <div class='ocr_carea' id='block_1_8' title="bbox 167 1946 1249 2045">
    <p class='ocr_par' dir='ltr' id='par_1_8' title="bbox 167 1946 1249 2045">
     <span class='ocr_line' id='line_1_18' title="bbox 167 1946 1249 2045; baseline 0.002 -28"><span class='ocrx_word' id='word_1_102' title='bbox 167 1946 170 1955; x_wconf 88' lang='lat'>&#39;</span> <span class='ocrx_word' id='word_1_103' title='bbox 282 1946 372 2020; x_wconf 90' lang='lat' dir='ltr'>idem</span> <span class='ocrx_word' id='word_1_104' title='bbox 397 1950 584 2045; x_wconf 84' lang='lat' dir='ltr'>Lupicinus</span> <span class='ocrx_word' id='word_1_105' title='bbox 604 1950 723 2022; x_wconf 90' lang='lat' dir='ltr'>latenti</span> <span class='ocrx_word' id='word_1_106' title='bbox 741 1952 865 2024; x_wconf 89' lang='lat' dir='ltr'>nuntio</span> <span class='ocrx_word' id='word_1_107' title='bbox 882 1952 1019 2042; x_wconf 68' lang='lat' dir='ltr'>dodus,</span> <span class='ocrx_word' id='word_1_108' title='bbox 1035 1953 1115 2023; x_wconf 91' lang='lat' dir='ltr'>dum</span> <span class='ocrx_word' id='word_1_109' title='bbox 1131 1949 1170 2020; x_wconf 89' lang='lat' dir='ltr'>in</span> <span class='ocrx_word' id='word_1_110' title='bbox 1184 1974 1249 2020; x_wconf 88' lang='lat' dir='ltr'>ne·</span> 
     </span>
    </p>
   </div>
   <div class='ocr_carea' id='block_1_9' title="bbox 282 2059 1249 2160">
    <p class='ocr_par' dir='ltr' id='par_1_9' title="bbox 282 2059 1249 2160">
     <span class='ocr_line' id='line_1_19' title="bbox 282 2059 1249 2160; baseline 0.001 -30"><span class='ocrx_word' id='word_1_111' title='bbox 282 2061 393 2154; x_wconf 87' lang='lat' dir='ltr'>potali</span> <span class='ocrx_word' id='word_1_112' title='bbox 413 2061 525 2132; x_wconf 89' lang='lat' dir='ltr'>mensa</span> <span class='ocrx_word' id='word_1_113' title='bbox 544 2059 682 2134; x_wconf 88' lang='lat' dir='ltr'>ludicris</span> <span class='ocrx_word' id='word_1_114' title='bbox 704 2065 1002 2160; x_wconf 79' lang='lat' dir='ltr'>concrepantibus.</span> <span class='ocrx_word' id='word_1_115' title='bbox 1015 2063 1074 2134; x_wconf 93' lang='lat' dir='ltr'>diu</span> <span class='ocrx_word' id='word_1_116' title='bbox 1099 2059 1249 2132; x_wconf 83' lang='lat' dir='ltr'>discum·</span> 
     </span>
    </p>
   </div>
   <div class='ocr_carea' id='block_1_10' title="bbox 151 2163 1249 2265">
    <p class='ocr_par' dir='ltr' id='par_1_10' title="bbox 151 2163 1249 2265">
     <span class='ocr_line' id='line_1_20' title="bbox 151 2163 1249 2265; baseline 0.003 -24"><span class='ocrx_word' id='word_1_117' title='bbox 151 2163 158 2172; x_wconf 82' lang='grc'>’</span> <span class='ocrx_word' id='word_1_118' title='bbox 216 2226 224 2246; x_wconf 49' lang='lat' dir='ltr'>r</span> <span class='ocrx_word' id='word_1_119' title='bbox 283 2171 368 2241; x_wconf 91' lang='lat' dir='ltr'>bens</span> <span class='ocrx_word' id='word_1_120' title='bbox 391 2171 477 2242; x_wconf 89' lang='lat' dir='ltr'>vino</span> <span class='ocrx_word' id='word_1_121' title='bbox 496 2169 666 2243; x_wconf 87' lang='lat' dir='ltr'>marcebat</span> <span class='ocrx_word' id='word_1_122' title='bbox 686 2174 726 2247; x_wconf 77' lang='grc' dir='ltr'>δι</span> <span class='ocrx_word' id='word_1_123' title='bbox 744 2174 900 2246; x_wconf 86' lang='lat' dir='ltr'>somno:</span> <span class='ocrx_word' id='word_1_124' title='bbox 924 2173 1032 2247; x_wconf 85' lang='lat' dir='ltr'>futuri</span> <span class='ocrx_word' id='word_1_125' title='bbox 1059 2171 1249 2265; x_wconf 83' lang='lat' dir='ltr'>conjiciens</span> 
     </span>
    </p>
   </div>
   <div class='ocr_carea' id='block_1_11' title="bbox 284 2276 1253 3365">
    <p class='ocr_par' dir='ltr' id='par_1_11' title="bbox 284 2276 1253 3365">
     <span class='ocr_line' id='line_1_21' title="bbox 286 2276 1249 2379; baseline 0.005 -32"><span class='ocrx_word' id='word_1_126' title='bbox 286 2278 414 2348; x_wconf 80' lang='lat' dir='ltr'>exitum</span> <span class='ocrx_word' id='word_1_127' title='bbox 429 2331 440 2363; x_wconf 93' lang='lat'>,</span> <span class='ocrx_word' id='word_1_128' title='bbox 456 2276 617 2348; x_wconf 82' lang='lat' dir='ltr'>satellites·</span> <span class='ocrx_word' id='word_1_129' title='bbox 629 2301 773 2369; x_wconf 86' lang='lat' dir='ltr'>omnes,</span> <span class='ocrx_word' id='word_1_130' title='bbox 785 2283 846 2376; x_wconf 90' lang='lat' dir='ltr'>qui</span> <span class='ocrx_word' id='word_1_131' title='bbox 866 2307 931 2376; x_wconf 90' lang='lat' dir='ltr'>pro</span> <span class='ocrx_word' id='word_1_132' title='bbox 950 2282 1115 2379; x_wconf 68' lang='lat' dir='ltr'>praetorio</span> <span class='ocrx_word' id='word_1_133' title='bbox 1134 2281 1249 2354; x_wconf 91' lang='lat' dir='ltr'>bono·</span> 
     </span>
     <span class='ocr_line' id='line_1_22' title="bbox 285 2383 1249 2488; baseline 0.008 -34"><span class='ocrx_word' id='word_1_134' title='bbox 285 2383 331 2455; x_wconf 86' lang='lat' dir='ltr'>ris</span> <span class='ocrx_word' id='word_1_135' title='bbox 353 2387 392 2460; x_wconf 79' lang='grc' dir='ltr'>δι</span> <span class='ocrx_word' id='word_1_136' title='bbox 414 2385 528 2458; x_wconf 82' lang='lat' dir='ltr'>tutelae</span> <span class='ocrx_word' id='word_1_137' title='bbox 552 2385 648 2458; x_wconf 89' lang='lat' dir='ltr'>causa</span> <span class='ocrx_word' id='word_1_138' title='bbox 674 2388 777 2464; x_wconf 88' lang='lat' dir='ltr'>duces</span> <span class='ocrx_word' id='word_1_139' title='bbox 792 2392 1090 2488; x_wconf 85' lang='lat' dir='ltr'>ptaeslolabautur,</span> <span class='ocrx_word' id='word_1_140' title='bbox 1107 2389 1249 2466; x_wconf 88' lang='lat' dir='ltr'>occidit.</span> 
     </span>
     <span class='ocr_line' id='line_1_23' title="bbox 287 2495 1247 2594; baseline 0.008 -28"><span class='ocrx_word' id='word_1_141' title='bbox 287 2496 431 2593; x_wconf 89' lang='lat' dir='ltr'>Hocque</span> <span class='ocrx_word' id='word_1_142' title='bbox 440 2495 604 2591; x_wconf 90' lang='lat' dir='ltr'>populus,</span> <span class='ocrx_word' id='word_1_143' title='bbox 615 2497 676 2594; x_wconf 90' lang='lat' dir='ltr'>qui</span> <span class='ocrx_word' id='word_1_144' title='bbox 689 2525 807 2573; x_wconf 87' lang='lat' dir='ltr'>muros</span> <span class='ocrx_word' id='word_1_145' title='bbox 822 2503 1010 2592; x_wconf 87' lang='lat' dir='ltr'>obfidebat,</span> <span class='ocrx_word' id='word_1_146' title='bbox 1018 2503 1176 2575; x_wconf 87' lang='lat' dir='ltr'>dolenter</span> <span class='ocrx_word' id='word_1_147' title='bbox 1189 2527 1247 2574; x_wconf 90' lang='lat' dir='ltr'>ac·</span> 
     </span>
     <span class='ocr_line' id='line_1_24' title="bbox 284 2605 1246 2711; baseline 0.004 -33"><span class='ocrx_word' id='word_1_148' title='bbox 284 2624 410 2704; x_wconf 90' lang='lat' dir='ltr'>cepto,</span> <span class='ocrx_word' id='word_1_149' title='bbox 424 2608 467 2678; x_wconf 90' lang='lat' dir='ltr'>ad</span> <span class='ocrx_word' id='word_1_150' title='bbox 485 2605 669 2678; x_wconf 80' lang='lat' dir='ltr'>vindittam</span> <span class='ocrx_word' id='word_1_151' title='bbox 682 2607 899 2684; x_wconf 83' lang='lat' dir='ltr'>detentorum</span> <span class='ocrx_word' id='word_1_152' title='bbox 914 2637 1050 2711; x_wconf 78' lang='lat' dir='ltr'>regum,</span> <span class='ocrx_word' id='word_1_153' title='bbox 1063 2630 1104 2685; x_wconf 89' lang='lat' dir='ltr'>ut</span> <span class='ocrx_word' id='word_1_154' title='bbox 1124 2612 1246 2708; x_wconf 90' lang='lat' dir='ltr'>opina·</span> 
     </span>
     <span class='ocr_line' id='line_1_25' title="bbox 285 2711 1249 2810; baseline 0.005 -24"><span class='ocrx_word' id='word_1_155' title='bbox 285 2715 405 2803; x_wconf 89' lang='lat' dir='ltr'>batur,</span> <span class='ocrx_word' id='word_1_156' title='bbox 418 2711 579 2810; x_wconf 88' lang='lat' dir='ltr'>paulatim</span> <span class='ocrx_word' id='word_1_157' title='bbox 597 2715 796 2810; x_wconf 85' lang='lat' dir='ltr'>augescens,</span> <span class='ocrx_word' id='word_1_158' title='bbox 808 2720 914 2792; x_wconf 87' lang='lat' dir='ltr'>multa</span> <span class='ocrx_word' id='word_1_159' title='bbox 927 2720 1116 2794; x_wconf 90' lang='lat' dir='ltr'>minabatur</span> <span class='ocrx_word' id='word_1_160' title='bbox 1133 2719 1249 2794; x_wconf 76' lang='lat' dir='ltr'>&amp;sae-</span> 
     </span>
     <span class='ocr_line' id='line_1_26' title="bbox 286 2820 1248 2925; baseline 0.002 -28"><span class='ocrx_word' id='word_1_161' title='bbox 286 2849 342 2898; x_wconf 85' lang='lat' dir='ltr'>va.</span> <span class='ocrx_word' id='word_1_162' title='bbox 358 2827 474 2919; x_wconf 90' lang='lat' dir='ltr'>thue</span> <span class='ocrx_word' id='word_1_163' title='bbox 492 2841 562 2896; x_wconf 89' lang='lat' dir='ltr'>erat</span> <span class='ocrx_word' id='word_1_164' title='bbox 580 2823 785 2922; x_wconf 88' lang='lat' dir='ltr'>Fritigernus</span> <span class='ocrx_word' id='word_1_165' title='bbox 801 2820 952 2925; x_wconf 77' lang='lat' dir='ltr'>expediti</span> <span class='ocrx_word' id='word_1_166' title='bbox 971 2830 1130 2922; x_wconf 89' lang='lat' dir='ltr'>consilii,</span> <span class='ocrx_word' id='word_1_167' title='bbox 1151 2830 1248 2900; x_wconf 82' lang='lat' dir='ltr'>veri-</span> 
     </span>
     <span class='ocr_line' id='line_1_27' title="bbox 286 2937 1249 3030; baseline 0.005 -24"><span class='ocrx_word' id='word_1_168' title='bbox 286 2953 362 3022; x_wconf 88' lang='lat' dir='ltr'>tus,</span> <span class='ocrx_word' id='word_1_169' title='bbox 377 2957 420 3004; x_wconf 92' lang='lat' dir='ltr'>ne</span> <span class='ocrx_word' id='word_1_170' title='bbox 435 2951 606 3006; x_wconf 88' lang='lat' dir='ltr'>teneretur</span> <span class='ocrx_word' id='word_1_171' title='bbox 626 2937 752 3010; x_wconf 78' lang='lat' dir='ltr'>obsidis</span> <span class='ocrx_word' id='word_1_172' title='bbox 769 2939 849 3013; x_wconf 88' lang='lat' dir='ltr'>vice</span> <span class='ocrx_word' id='word_1_173' title='bbox 870 2967 948 3015; x_wconf 90' lang='lat' dir='ltr'>cum</span> <span class='ocrx_word' id='word_1_174' title='bbox 962 2941 1083 3016; x_wconf 86' lang='lat' dir='ltr'>ceteris</span> <span class='ocrx_word' id='word_1_175' title='bbox 1100 2994 1111 3030; x_wconf 92' lang='lat'>,</span> <span class='ocrx_word' id='word_1_176' title='bbox 1134 2940 1249 3012; x_wconf 84' lang='lat' dir='ltr'>excla-</span> 
     </span>
     <span class='ocr_line' id='line_1_28' title="bbox 285 3038 1250 3145; baseline 0.007 -33"><span class='ocrx_word' id='word_1_177' title='bbox 285 3038 419 3129; x_wconf 89' lang='lat' dir='ltr'>mavit,</span> <span class='ocrx_word' id='word_1_178' title='bbox 438 3039 598 3138; x_wconf 88' lang='lat' dir='ltr'>graviore</span> <span class='ocrx_word' id='word_1_179' title='bbox 617 3047 836 3140; x_wconf 86' lang='lat' dir='ltr'>pugnandum</span> <span class='ocrx_word' id='word_1_180' title='bbox 857 3048 989 3136; x_wconf 85' lang='lat' dir='ltr'>exitio,</span> <span class='ocrx_word' id='word_1_181' title='bbox 1004 3048 1041 3120; x_wconf 92' lang='lat' dir='ltr'>ni</span> <span class='ocrx_word' id='word_1_182' title='bbox 1057 3047 1128 3145; x_wconf 88' lang='lat' dir='ltr'>ipse</span> <span class='ocrx_word' id='word_1_183' title='bbox 1144 3048 1186 3119; x_wconf 92' lang='lat' dir='ltr'>ad</span> <span class='ocrx_word' id='word_1_184' title='bbox 1197 3049 1250 3119; x_wconf 91' lang='lat' dir='ltr'>le·</span> 
     </span>
     <span class='ocr_line' id='line_1_29' title="bbox 286 3150 1253 3255; baseline 0.009 -35"><span class='ocrx_word' id='word_1_185' title='bbox 286 3150 449 3223; x_wconf 87' lang='lat' dir='ltr'>niendum</span> <span class='ocrx_word' id='word_1_186' title='bbox 469 3153 591 3249; x_wconf 89' lang='lat' dir='ltr'>vulgus</span> <span class='ocrx_word' id='word_1_187' title='bbox 612 3155 774 3229; x_wconf 84' lang='lat' dir='ltr'>fineretur</span> <span class='ocrx_word' id='word_1_188' title='bbox 793 3158 886 3232; x_wconf 84' lang='lat' dir='ltr'>exire</span> <span class='ocrx_word' id='word_1_189' title='bbox 909 3185 987 3233; x_wconf 87' lang='lat' dir='ltr'>cum</span> <span class='ocrx_word' id='word_1_190' title='bbox 1013 3156 1135 3232; x_wconf 88' lang='lat' dir='ltr'>sociis:</span> <span class='ocrx_word' id='word_1_191' title='bbox 1155 3157 1253 3255; x_wconf 90' lang='lat' dir='ltr'>quod</span> 
     </span>
     <span class='ocr_line' id='line_1_30' title="bbox 286 3261 1253 3365; baseline 0.006 -31"><span class='ocrx_word' id='word_1_192' title='bbox 286 3261 481 3336; x_wconf 87' lang='lat' dir='ltr'>arbitratum</span> <span class='ocrx_word' id='word_1_193' title='bbox 505 3267 724 3340; x_wconf 86' lang='lat' dir='ltr'>humanitatis</span> <span class='ocrx_word' id='word_1_194' title='bbox 744 3269 856 3365; x_wconf 88' lang='lat' dir='ltr'>specie</span> <span class='ocrx_word' id='word_1_195' title='bbox 880 3273 1034 3345; x_wconf 73' lang='lat' dir='ltr'>dudotes</span> <span class='ocrx_word' id='word_1_196' title='bbox 1058 3271 1137 3343; x_wconf 91' lang='lat' dir='ltr'>suos</span> <span class='ocrx_word' id='word_1_197' title='bbox 1153 3269 1253 3342; x_wconf 90' lang='lat' dir='ltr'>occi-</span> 
     </span>
    </p>
   </div>
   <div class='ocr_carea' id='block_1_12' title="bbox 171 3371 1253 3476">
    <p class='ocr_par' dir='ltr' id='par_1_12' title="bbox 171 3371 1253 3476">
     <span class='ocr_line' id='line_1_31' title="bbox 171 3371 1253 3476; baseline 0.005 -33"><span class='ocrx_word' id='word_1_198' title='bbox 171 3373 175 3378; x_wconf 81' lang='grc'><strong>’</strong></span> <span class='ocrx_word' id='word_1_199' title='bbox 288 3371 360 3460; x_wconf 81' lang='lat' dir='ltr'>sor,</span> <span class='ocrx_word' id='word_1_200' title='bbox 379 3372 415 3444; x_wconf 91' lang='lat' dir='ltr'>in</span> <span class='ocrx_word' id='word_1_201' title='bbox 431 3372 614 3446; x_wconf 90' lang='lat' dir='ltr'>tumultum</span> <span class='ocrx_word' id='word_1_202' title='bbox 629 3376 761 3448; x_wconf 83' lang='lat' dir='ltr'>exarsit.</span> <span class='ocrx_word' id='word_1_203' title='bbox 778 3379 924 3476; x_wconf 87' lang='lat' dir='ltr'>Hocque</span> <span class='ocrx_word' id='word_1_204' title='bbox 940 3381 1122 3476; x_wconf 88' lang='lat' dir='ltr'>impetrato</span> <span class='ocrx_word' id='word_1_205' title='bbox 1134 3376 1253 3476; x_wconf 85' lang='lat' dir='ltr'>egtetli</span> 
     </span>
    </p>
   </div>
   <div class='ocr_carea' id='block_1_13' title="bbox 260 3489 1255 3590">
    <p class='ocr_par' dir='ltr' id='par_1_13' title="bbox 260 3489 1255 3590">
     <span class='ocr_line' id='line_1_32' title="bbox 260 3489 1255 3590; baseline 0.003 -32"><span class='ocrx_word' id='word_1_206' title='bbox 260 3505 430 3574; x_wconf 54' lang='lat' dir='ltr'>‘omnem</span> <span class='ocrx_word' id='word_1_207' title='bbox 453 3489 654 3585; x_wconf 85' lang='lat' dir='ltr'>exceptique</span> <span class='ocrx_word' id='word_1_208' title='bbox 676 3515 753 3563; x_wconf 88' lang='lat' dir='ltr'>cum</span> <span class='ocrx_word' id='word_1_209' title='bbox 772 3490 889 3588; x_wconf 87' lang='lat' dir='ltr'>plausu</span> <span class='ocrx_word' id='word_1_210' title='bbox 910 3494 948 3567; x_wconf 80' lang='grc' dir='ltr'>δι</span> <span class='ocrx_word' id='word_1_211' title='bbox 973 3491 1120 3590; x_wconf 84' lang='lat' dir='ltr'>gaudiis,</span> <span class='ocrx_word' id='word_1_212' title='bbox 1136 3491 1255 3562; x_wconf 87' lang='lat' dir='ltr'>ascen·</span> 
     </span>
    </p>
   </div>
   <div class='ocr_carea' id='block_1_14' title="bbox 287 3594 1356 3695">
    <p class='ocr_par' dir='ltr' id='par_1_14' title="bbox 287 3594 1356 3695">
     <span class='ocr_line' id='line_1_33' title="bbox 287 3594 1356 3695; baseline 0.003 -29"><span class='ocrx_word' id='word_1_213' title='bbox 287 3595 328 3667; x_wconf 87' lang='lat' dir='ltr'>srs</span> <span class='ocrx_word' id='word_1_214' title='bbox 355 3594 450 3692; x_wconf 91' lang='lat' dir='ltr'>equis</span> <span class='ocrx_word' id='word_1_215' title='bbox 476 3595 687 3688; x_wconf 84' lang='lat' dir='ltr'>evolarunt,</span> <span class='ocrx_word' id='word_1_216' title='bbox 715 3600 844 3672; x_wconf 88' lang='lat' dir='ltr'>moturi</span> <span class='ocrx_word' id='word_1_217' title='bbox 871 3600 1089 3674; x_wconf 86' lang='lat' dir='ltr'>incitamenta</span> <span class='ocrx_word' id='word_1_218' title='bbox 1119 3596 1255 3671; x_wconf 86' lang='lat' dir='ltr'>diversa</span> <span class='ocrx_word' id='word_1_219' title='bbox 1355 3692 1356 3695; x_wconf 8' lang='grc' dir='ltr'><strong>Ἴ</strong></span> 
     </span>
    </p>
   </div>
   <div class='ocr_carea' id='block_1_15' title="bbox 285 3703 1255 3810">
    <p class='ocr_par' dir='ltr' id='par_1_15' title="bbox 285 3703 1255 3810">
     <span class='ocr_line' id='line_1_34' title="bbox 285 3703 1255 3810; baseline 0.003 -35"><span class='ocrx_word' id='word_1_220' title='bbox 285 3703 464 3780; x_wconf 86' lang='lat' dir='ltr'>bellorum.</span> <span class='ocrx_word' id='word_1_221' title='bbox 487 3704 571 3781; x_wconf 80' lang='lat' dir='ltr'>Haec</span> <span class='ocrx_word' id='word_1_222' title='bbox 602 3706 662 3790; x_wconf 81' lang='lat' dir='ltr'>ubi</span> <span class='ocrx_word' id='word_1_223' title='bbox 675 3705 963 3810; x_wconf 76' lang='lat' dir='ltr'>fauratuntorunt</span> <span class='ocrx_word' id='word_1_224' title='bbox 975 3708 1091 3784; x_wconf 85' lang='lat' dir='ltr'>nutrix</span> <span class='ocrx_word' id='word_1_225' title='bbox 1110 3705 1255 3805; x_wconf 82' lang='lat' dir='ltr'>maligna</span> 
     </span>
    </p>
   </div>
   <div class='ocr_carea' id='block_1_16' title="bbox 0 0 1404 4284">
    <p class='ocr_par' dir='ltr' id='par_1_16' title="bbox 0 0 1404 4284">
     <span class='ocr_line' id='line_1_35' title="bbox 0 0 1404 4284; baseline 0 0"><span class='ocrx_word' id='word_1_226' title='bbox 0 0 1404 4284; x_wconf 95' lang='lat' dir='ltr'> </span> 
     </span>
    </p>
   </div>
  </div>
 </body>
</html>
