2775 4284
250 280 324 373 276
398 272 668 350 ΑΜΜΙΑΝῙ
702 271 1080 348 MARCELLINI

248 435 545 537 procursatoribus
558 460 698 509 omnem
711 416 805 510 illam
821 436 1048 511 multitudinis
1062 456 1194 535 partem
1213 464 1238 532 ,¹

247 575 351 645 quam
374 548 531 621 viderant
544 603 556 635 ,
569 548 605 617 in
622 572 769 619 numero
790 548 907 621 decem
922 550 1066 631 millium
1085 550 1149 623 esse
1162 550 1234 624 sir-

246 658 441 732 mantibus:
458 662 667 753 lmperator,
688 656 828 752 procaci
847 660 996 755 quodam
1013 660 1128 733 calore
1143 688 1231 757 per·-

246 765 379 854 culsus,
395 763 510 837 iisdem
524 769 705 838 occusrere
719 762 911 843 festinabat.
926 767 1074 841 Proinde
1087 771 1227 865 agmine

244 878 414 974 quadrato
434 874 594 950 incedens
606 898 717 973 prope
735 875 963 949 suburbanum
977 879 1224 1001 Hadrianopo-

195 1031 198 1041 ·
245 991 322 1062 leos
347 986 476 1062 venit:
500 987 563 1061 ubi
589 986 683 1061 vallo
711 987 849 1063 su'dibus
873 988 1028 1087 fossaque
1055 987 1222 1081 firmato,

243 1100 449 1177 Gratianum
475 1096 692 1195 impatienter
728 1099 945 1211 opperiens,
975 1102 1220 1177 Richomerem

244 1208 422 1285 Comitem
441 1206 873 1305 domesticorum-suscepit
894 1211 938 1283 ab
960 1212 1082 1311 eodem
1107 1216 1221 1308 Impe-

242 1340 359 1392 ratore
380 1317 583 1415 praemissum
601 1342 680 1391 cum
697 1316 826 1408 literis,
844 1317 953 1415 ipsum
973 1344 1112 1419 quoque
1126 1347 1219 1394 ven·

241 1446 358 1501 tutum
372 1452 457 1501 mox
475 1426 717 1499 indicantibus.
730 1430 886 1519 Quarum
905 1444 1003 1501 textu
1021 1446 1158 1525 oratus,
1176 1450 1218 1503 ut
1241 1463 1251 1493 ι

242 1538 495 1640 praeslolaretut
528 1536 696 1635 paulisper
727 1540 958 1633 periculorum
987 1540 1216 1638 participem,

242 1677 334 1725 neve
354 1649 507 1749 abruptis
525 1647 774 1723 discriminibus
787 1666 915 1723 temere
935 1648 1039 1724 semet
1051 1651 1218 1726 commit·

241 1780 331 1835 reret
351 1760 470 1851 „solum
494 1786 505 1833 τ
531 1758 689 1833 adhibitis
716 1758 753 1859 in
781 1758 962 1834 consilium
990 1758 1217 1864 potestatibus

241 1870 371 1960 variis,
393 1866 477 1967 quid
497 1868 588 1943 fado
606 1891 696 1965 opus
718 1866 816 1957 esset,
830 1864 1045 1961 deliberabat.
1068 1870 1112 1941 Et
1133 1894 1214 1963 cunr

60 1979 62 1987 ’
130 1999 134 2004 ’
240 1982 440 2056 Sebastiano
465 1982 603 2055 ausiore
634 1979 774 2076 quidam
805 1978 963 2074 protinus
992 1980 1138 2082 eundum
1168 1966 1214 2053 ad

240 2088 415 2167 certamen
438 2109 621 2189 urgerent:
634 2087 759 2161 victor
779 2089 921 2163 nomine
936 2088 1095 2189 Magister
1109 2091 1219 2187 equi«.

239 2221 336 2289 tum,
351 2204 521 2289 Sarmata,
533 2198 590 2271 sed
603 2200 781 2273 cundator
796 2202 965 2275 &cautus
980 2254 992 2291 ,
1008 2202 1121 2289 eadem
1135 2199 1213 2304 sen:

167 2391 171 2399 Ι
238 2310 401 2379 cientibus
426 2307 561 2394 multis,
578 2305 714 2401 imperii
735 2303 863 2377 socium
887 2306 1070 2403 exspedari
1098 2307 1179 2383 cens
1190 2346 1208 2363 -

212 2491 218 2505 ,
238 2419 321 2491 bat:
339 2436 379 2491 ut
390 2415 610 2512 ¹incrementis
629 2415 799 2490 exercitus
812 2418 984 2497 Gallicani
996 2414 1129 2509 ascitis,
1142 2442 1213 2525 ⁰P'.

123 2527 128 2535 ’
237 2527 443 2625 primeretur
465 2526 577 2599 levius
595 2544 712 2599 tumor
733 2526 926 2600 barbaricus
944 2526 1128 2602 flammans.
1148 2528 1209 2600 Vi·-
1322 2604 1329 2623 .

236 2640 286 2711 cit
301 2656 413 2711 tamen
435 2635 566 2709 funesta
589 2635 758 2731 Principis
777 2636 983 2727 destinatio,
1002 2643 1040 2712 &
1055 2637 1208 2724 adulabi-

234 2748 277 2820 lis
304 2748 521 2847 quorundam
543 2745 705 2818 sententia
733 2746 934 2843 regiorum:
959 2748 1020 2844 qui
1043 2773 1085 2819 ne
1109 2774 1208 2843 paene

233 2854 302 2949 jam
323 2873 429 2951 partae
445 2854 600 2926 vidoriae
613 2906 624 2942 ,
638 2871 675 2925 ut
691 2854 936 2948 opinabantur,
952 2854 1095 2929 consors
1112 2854 1206 2929 fieret

194 3049 197 3055 .
234 2962 450 3049 Gratianus,
475 2960 652 3058 properari
682 2962 780 3035 cursu
801 2964 915 3037 celeri
943 2962 1137 3038 suadebant.
1163 2968 1206 3037 Et

232 3071 315 3164 dum
337 3068 516 3146 necessaria
542 3070 747 3164 parabantur
760 3070 802 3143 ad
821 3071 1203 3163 decernendum,Chri·

232 3178 332 3253 stiani
352 3180 438 3254 ritus
460 3178 665 3277 presbyter,
688 3202 736 3251 ut*
751 3158 815 3275 ipss
841 3180 1030 3281 appellant,
1049 3182 1161 3255 missus
1184 3208 1203 3255 a

195 3347 198 3352 .
231 3290 424 3387 Fritigerno
459 3290 590 3387 legatus,
619 3315 700 3362 cum
728 3288 799 3361 aliis
822 3289 1006 3363 humilibus
1038 3288 1133 3364 vehit
1161 3292 1204 3363 ad

230 3398 398 3497 Principis
418 3397 542 3474 castra:
567 3394 802 3497 susceptusque
821 3396 968 3488 leniter,
986 3396 1203 3497 ejusdemque

210 3509 381 3582 'dodoris
405 3508 534 3585 obtulit
553 3505 694 3603 scripta,
715 3506 861 3604 petentis
877 3508 1073 3605 propalam,
1088 3502 1130 3584 ut
1141 3508 1201 3581 fibi

228 3617 385 3718 suisque,
408 3643 497 3719 quos
517 3636 672 3693 extorres
700 3616 816 3721 patriis
838 3618 961 3694 laribus
981 3616 1092 3729 rapidi
1109 3617 1200 3693 sera·
