2775 4284
218 202 310 317 xur:
330 161 899 314 onorcuusueousnrco
917 220 1003 275 nc.
1049 224 1152 301 307-

134 360 341 438 ambulavit
367 328 616 435 Mediohinum.
645 349 747 435 Tun'c
769 349 941 444 venerunt
967 361 1121 460 Wifigo·
1184 358 1187 369 ’

94 565 96 570 Ι
135 477 213 549 thae
236 473 277 545 in
303 469 510 566 adjutorium
524 470 736 548 Theoderici
746 474 813 563 2&
833 470 918 545 sada
938 470 985 545 est
1008 486 1121 569 pugna
1250 560 1253 569 Ι

135 581 244 679 super
268 577 417 653 fluvium
441 578 681 665 Adduam,'&
707 579 905 653 ceciderunt
934 580 1122 677 popui'rab

136 703 293 792 utraque
314 707 409 786 parte
425 692 488 763 r&
504 689 641 765 occisus
651 689 700 764 est
719 690 848 787 Pierius
864 714 979 765 comes
999 690 1124 765 'dome-·

86 839 89 845 ·
135 803 316 877 uicorum
336 824 381 875 ιιι
395 802 474 874 ldus
492 793 676 899 hugussau
688 804 727 877 δι
749 801 836 901 fugit
851 800 1036 881 Odoachar
1056 804 1124 877 Ra·

136 936 327 1001 vennam,
353 912 392 985 δι
423 936 509 985 mox
538 911 731 985 subsecutus
762 913 811 985 est
844 936 922 985 eum
958 910 1123 987 Patricius

138 1014 385 1096 Theodericus
405 1020 548 1095 veniens
572 1019 609 1096 in
631 1020 772 1112 Pineta,
787 1022 827 1095 δι
847 1018 923 1101 fixit
944 1018 1124 1108 fossatum,

139 1132 311 1205 obsidens
327 1130 526 1231 Odoacrem
546 1130 697 1205 clausum
712 1145 772 1229 p'er
787 1130 973 1231 triennium
987 1132 1137 1214 Raven-,

139 1267 211 1332 na,
225 1243 267 1316 &
267 1238 420 1341 fidum>
431 1238 479 1313 est
499 1238 606 1339 usque
626 1242 669 1313 ad
683 1241 741 1316 sex
762 1239 891 1325 solidos
906 1239 1041 1327 modius
1060 1242 1126 1314 tri·
1210 1224 1237 1247 ‘

139 1353 221 1428 tici.
252 1354 298 1425 Et
327 1351 466 1424 mittens
493 1350 701 1447 legationem
726 1351 963 1427 Theodericus
994 1351 1125 1427 Festum
1277 1436 1284 1443 ¹
1321 1412 1326 1423 ,
1362 1378 1366 1391 ·

140 1464 254 1561 capht
274 1461 388 1534 Senati
402 1462 445 1534 ad
463 1458 642 1535 Zenonem
660 1462 925 1561 imperatorem,
945 1468 987 1541 &¹
997 1465 1040 1537 ab
1061 1450 1126 1541 eo·
1184 1448 1199 1476 ¹

142 1575 227 1665 dem
252 1569 388 1667 sperans
410 1571 537 1645 vestem
556 1571 590 1645 se
611 1570 753 1646 induere
776 1572 914 1671 regiam.
941 1576 1124 1649 otmaro
1157 1647 1165 1654 .

142 1687 189 1757 V.
202 1684 247 1755 C.
263 1680 346 1756 cos.
364 1683 443 1755 Hoc
457 1681 597 1756 consule
610 1681 697 1756 exiit
713 1682 902 1759 Odoachar
917 1708 979 1757 rex
995 1685 1036 1757 de
1053 1686 1125 1758 Ra·

145 1816 269 1869 venna
295 1793 501 1872 node'cum
524 1793 658 1867 Herulis
681 1792 842 1893 ingrersus
867 1793 904 1867 in
928 1795 1067 1886 Finem,
1087 1798 1126 1877 in

146 1901 280 1989 foffato
293 1900 430 1979 Patricii
450 1902 679 1993 Theoderici,
695 1904 734 1977 δι
755 1901 953 1979 ceciderunt
973 1905 1017 1978 ab
1031 1924 1130 1983 utra-¹

132 2039 218 2113 ,que
238 2030 335 2111 parte
346 2031 531 2104 exercitus
546 2012 585 2087 δι
606 1956 738 2111 fugiens
756 2012 873 2089 Levita
886 2014 1040 2112 magister
1059 2014 1129 2091 mi·'

105 2224 108 2227 ψ
146 2127 252 2200 litum
272 2126 463 2217 Oderunt,
484 2124 618 2201 occisus
639 2124 717 2198 est
707 2150 744 2197 ιιι
763 2124 876 2203 fluuio
895 2124 1064 2221 Veiente:
1087 2134 1127 2208 &
1170 2160 1190 2206 ,’

147 2238 265 2316 vidus
283 2220 445 2313 Odoacet
467 2235 554 2335 fugit
574 2238 739 2313 Ravenna
762 2234 874 2311 Idibus
894 2238 1001 2313 Juliis.
1023 2240 1126 2337 Igitur
1200 2226 1205 2230 ’

87 2353 99 2387 ’
118 2337 120 2340 ’
148 2352 292 2424 coaetus
304 2347 492 2421 Odoachar
511 2346 603 2418 dedit
620 2346 729 2421 filium
752 2336 847 2419 suum
862 2348 1013 2423 Thelane
1032 2352 1127 2425 obst·
1171 2416 1175 2423 .

150 2454 232 2526 dem
254 2451 473 2524 Theoderico
483 2469 648 2547 ,accepta
667 2448 755 2565 fide,
769 2452 924 2523 securum
945 2452 989 2525 se
998 2457 1063 2529 eise
1084 2459 1127 2534 de

146 2556 330 2655 sanguine.
343 2556 399 2630 Sic
412 2554 632 2665 ingreffusest
647 2534 906 2631 Theodericus:
897 2561 960 2634 ·&
976 2564 1053 2657 post
1066 2567 1129 2639 ali
1146 2630 1150 2637 ,
1182 2628 1187 2643 ,

70 2658 78 2671 ’
153 2684 247 2765 quot
266 2664 337 2737 dies
359 2659 492 2739 dumet
513 2665 699 2740 Odoachar
721 2664 955 2761 infidiaretur,
969 2666 1129 2749 detersus
1160 2656 1165 2695 ³

154 2793 255 2865 caute
271 2773 316 2846 ab
329 2798 374 2847 eo
394 2798 591 2871 preventus
608 2775 644 2847 in
659 2774 810 2872 palatio,
823 2802 923 2851 manu
938 2780 995 2853 sua
1007 2781 1127 2857 Theo·
1163 2840 1171 2871 ι

21 2931 22 2936 =
156 2885 292 2959 dericus
304 2910 383 2959 eum
394 2913 432 2958 ιιι
444 2890 626 2960 Lauretum
644 2887 876 2984 preveniente
889 2891 1029 2989 gladio
1020 2917 1128 2991 mter-
1222 2916 1227 2927 ’
1348 2909 1359 2921 ’

21 2999 64 3024 ⁴*
124 3060 128 3068 ,
157 2986 253 3069 emit.
268 2994 378 3089 eujus
391 2992 558 3070 exercitus
571 2997 607 3069 in
621 3000 739 3070 eadem
755 2997 810 3070 dre
820 2997 908 3095 Juffu
921 2983 1128 3085 Theoderici

159 3102 462 3178 omnesinterfedhi
476 3106 552 3179 sunt
560 3106 666 3231 ,quis
678 3107 738 3179 uhi
759 3108 873 3205 potuit
886 3114 1033 3209 reperire
1047 3140 1128 3193 cum

157 3235 257 3284 omni
246 3212 373 3311 stirpe
390 3213 470 3288 sua·
461 3219 523 3291 ·&
540 3217 687 3289 moritur
707 3215 1011 3315 Constantinopoli
1030 3222 1127 3301 Zeno

160 3319 368 3415 imperator,
381 3325 421 3398 δι
439 3323 544 3399 fadus
560 3326 631 3399 est
622 3346 809 3452 imperator
821 3328 1016 3407 Anastasius.

42 3426 45 3435 '
209 3426 448 3506 Theodericus
466 3434 573 3522 enim,
593 3437 658 3532 qui
676 3437 713 3508 in
736 3436 940 3535 legationem
961 3438 1129 3522 direxerat

150 3538 318 3613 ‚Faustum
332 3540 475 3639 Nigrum
489 3544 532 3617 ad
544 3542 732 3619 Zenonem.
746 3548 792 3635 At
810 3545 868 3620 ubi
883 3550 1020 3646 cognita
1032 3576 1129 3626 mor·

31 3752 34 3757 Ι
161 3663 196 3724 te
217 3647 287 3747 ejus
305 3670 486 3755 antequam
501 3654 627 3757 legatio
644 3669 893 3749 reverteretur,
910 3680 948 3735 ut
968 3660 1128 3762 ingressus
1274 3702 1279 3709 ·

857 3768 937 3853 Va
