2775 4284
186 251 296 378 534
402 279 666 416 nuurnut
701 279 1067 406 truncaretur

247 439 339 540 gruis
352 493 363 527 ,
378 442 416 513 δι
437 438 585 513 satietate
597 439 734 537 quaesrta
750 439 910 512 frumenti
924 493 935 528 ,
950 440 1037 514 ultra
1050 440 1140 538 spem
1156 466 1212 514 re·

145 591 147 596 ·
209 593 213 601 ·
245 551 352 626 creati
366 549 574 632 ¹discessimus
591 579 600 622 ε
616 553 653 623 &
674 547 875 638 confestim,
896 550 1022 647 absque
1046 548 1213 648 his,r'1'uae

246 683 379 760 tempus
401 663 489 742 uehi,
500 661 668 758 permisit,
684 663 812 760 reliqua
831 652 976 761 flaminis
998 661 1111 734 exusta
1128 661 1214 738 sunt.

235 775 410 846 “Poslridie
430 774 580 846 exercitu
606 773 748 846 sedatius
770 774 996 870 procedente,
1011 795 1213 866 extremos,

244 887 305 986 qui
321 910 363 958 eo
379 884 433 956 die
446 881 788 982 forte'cogendorum
804 886 975 983 agminum
990 883 1105 956 officia
1118 882 1215 954 susti·

123 1087 125 1092 Ι
150 1011 153 1030 ·
244 996 394 1080 nebant,
414 1011 477 1066 nec
498 993 677 1090 opinantes
695 993 802 1065 Persae
824 992 959 1081 adorti,
978 991 1120 1090 negotio
1143 990 1215 1064 levi

149 1097 153 1106 ’
244 1097 508 1192 interfecissent,
536 1103 570 1174 ni
596 1101 773 1207 proximus
795 1101 961 1198 equitatus
987 1100 1121 1192 noster,
1144 1103 1216 1172 hoc

245 1213 344 1286 ocius
359 1213 551 1318 intelleslo„
563 1237 624 1310 per
638 1214 768 1308 patulas
780 1215 884 1286 valles
896 1214 960 1286 late
974 1211 1124 1302 diffusus,
1136 1231 1216 1284 tan·

169 1376 171 1386 .
242 1340 313 1394 tam
330 1321 455 1394 molem
474 1320 693 1411 discriminis,
708 1321 897 1396 vulneratis
908 1376 920 1412 ,
932 1320 993 1420 q'ui
1005 1319 1216 1418 supervene-

245 1449 339 1512 rant,
353 1430 532 1527 repulislet.
547 1433 585 1530 ln
599 1431 662 1502 hac
677 1430 803 1502 cecidit
817 1457 931 1528 pugna
945 1429 1073 1502 Adaces
1087 1428 1217 1504 nobilis

244 1541 394 1638 satrapa,
409 1541 534 1640 legatus
556 1541 733 1636 quondam
757 1541 799 1611 ad
819 1538 1058 1624 Constantium
1082 1537 1215 1610 Princi·
1320 1532 1336 1560 ⁶

212 1683 215 1690 ·
244 1648 482 1746 pemnmislus,
501 1671 541 1719 ac
566 1647 709 1744 benigne
737 1646 933 1744 susceptus:
955 1645 1053 1740 cujus
1078 1645 1216 1718 exuviis

245 1746 442 1863 interfeslor
457 1759 592 1853 lusiano
611 1758 758 1848 oblatis,
773 1775 1003 1832 remuneratus
1018 1758 1085 1848 est,
1101 1777 1138 1830 ut
1152 1759 1216 1830 de·

244 1871 354 1952 cebat.
371 1871 501 1943 Eodem
516 1870 573 1943 die
587 1870 826 1944 Tertiacorum
840 1869 1003 1969 equestris
1021 1893 1179 1942 numerus
1194 1894 1215 1942 a

245 1980 447 2078 legionibus*
458 1979 625 2054 incusatus
648 1979 713 2071 est,
734 1981 845 2079 quod,
861 2005 938 2052 cum
966 1978 1045 2076 ipsae
1066 1977 1246 2050 hostium-

209 2151 211 2156 .
245 2089 400 2163 adversas
424 2089 649 2184 irrumperent
679 2086 786 2173 acies,
809 2088 860 2158 illi
889 2088 1050 2183 paulatim
1076 2086 1215 2183 dilapsi,

159 2234 168 2247 κ
243 2199 447 2270 alacritatem
469 2196 684 2292 paenetoti-us
701 2197 894 2269 minuissent
909 2197 1087 2270 exercitus.
1112 2196 1215 2270 Unde
1324 2278 1326 2281 ,

244 2309 289 2380 ad
302 2303 573 2404 indignationem
586 2305 705 2402 justam
718 2292 1215 2404 Imperatorereslus‚ademtis

244 2415 360 2515 fignis‚
375 2414 539 2513 hastisque
553 2414 728 2506 diffraslis„
738 2440 858 2488 omnes
871 2441 947 2507 eos,
959 2419 1018 2515 qui
1030 2415 1147 2514 fugisse
1160 2412 1216 2489 at·

245 2528 453 2627 guebantur,
470 2527 559 2626 inter
578 2526 819 2630 impedimenta
838 2532 876 2602 &
893 2528 1089 2602 sarcinas&
1106 2527 1217 2622 capti-

245 2662 312 2712 vos
331 2661 427 2736 agere
445 2638 510 2708 iter
524 2634 709 2732 imposuit,
725 2636 1000 2708 duslore-eorum
1011 2689 1023 2725 ‚
1045 2637 1104 2734 qui
1125 2635 1216 2711 solus*

247 2749 383 2823 fortiter
400 2748 586 2820 decertarat
594 2801 606 2834 ,
622 2747 831 2848 aliae'turmae
845 2748 1022 2844 apposito,
1036 2747 1130 2841 cujus
1151 2750 1216 2822 tri-

244 2861 356 2933 bunus
376 2857 522 2953 turpiter
543 2857 705 2954 proelium
729 2856 904 2929 deseruisse
930 2859 1217 2934 convincebatur.

244 2969 377 3067 Abjesli
400 2968 475 3040 sunt
496 2987 606 3039 autem
633 2968 841 3040 sacramento
866 2967 964 3045 etiam
989 2967 1045 3039 alii
1067 2991 1216 3064 quatuor

245 3082 293 3150 ob
304 3075 466 3174 flagitium
482 3076 587 3149 simile
605 3077 866 3176 vexillationum
880 3078 1107 3171 tribunitltoc
1121 3081 1214 3154 enim
1240 3061 1246 3073 ”

149 3273 153 3275 ,
203 3237 207 3256 ι.
245 3187 468 3262 correctionis
500 3184 734 3259 moderamine
768 3190 918 3280 leniori,
945 3191 1215 3287 impendentium

245 3297 517 3373 consideratione
536 3287 773 3370 difficultatum
792 3316 976 3370 contentus
995 3300 1042 3370 est
1062 3302 1214 3396 Impera-

243 3428 312 3484 tor.
339 3408 505 3507 Progresli
531 3407 643 3503 itaque
670 3396 750 3491 Liar,
778 3408 882 3479 sladia
906 3402 1072 3481 attenuata
1098 3435 1213 3482 rerum

177 3610 178 3613 Ἴ
225 3521 398 3613 *omnium
422 3519 539 3617 copia,
564 3519 677 3594 herbis
703 3519 945 3615 frumentisque
968 3521 1143 3606 crematis,
1168 3545 1221 3592 ex.

156 3710 161 3715 „
243 3631 387 3705 slammis
409 3631 617 3727 ipsrsraptas
641 3629 755 3728 fruges
782 3634 820 3703 &
847 3632 986 3728 pabula,
1009 3657 1047 3705 ut
1070 3631 1212 3728 quisque

244 3745 370 3827 vehere
379 3745 513 3849 potuit,
529 3743 758 3826 conservavit.
772 3745 853 3820 Hoc
863 3744 964 3820 etiarn
979 3745 1060 3821 loco
1073 3729 1212 3836 relidi),
