2775 4284
301 307 491 380 uenum
514 245 771 378 cestnuuu
797 303 880 378 uu.
907 305 1037 403 xxvu
1122 330 1167 401 59
1215 402 1219 417 Ι

75 516 79 520 -
200 466 241 538 bt
259 465 425 539 moenium
454 465 684 562 magnitudine
707 461 882 535 restitisset.
915 459 1030 535 Miseri
1052 457 1185 533 tamcn'

142 614 145 622 ,
199 573 285 648 licet
302 574 430 670 majore
451 575 588 667 venturi
609 599 737 672 pavore
755 560 1094 670 'constringerentur,
1111 569 1169 667 spe

199 703 314 757 tamen
337 684 509 758 sustentari
536 701 721 780 potuerunt
747 681 894 780 exigua:
924 681 988 755 hac
1013 678 1169 767 scilicet,
1290 770 1293 777 .
1364 769 1368 777 ι

199 793 299 865 velut
319 793 439 892 suopte
459 811 579 880 motu,
603 793 659 866 vel
678 810 838 866 exoratus
861 801 982 865 eorum
1008 791 1168 886 precibus

199 903 412 998 Imperator,
432 901 553 977 eodem
572 900 656 974 slatu
670 901 829 977 retinebit
847 901 989 990 urbem,
1014 899 1169 974 Orientis

201 1010 424 1086 firniffimum
444 1013 630 1087 claustrum.
645 1013 740 1086 Dum
764 1010 933 1109 gestorum
950 1009 1068 1084 seriem
1089 1008 1169 1083 ubi·

161 1198 165 1208 χ
200 1147 270 1220 que
283 1149 439 1198 rumores
460 1123 677 1198 diffunditant
693 1123 780 1195 varii
793 1177 805 1212 ‚
820 1122 856 1192 in
870 1119 1022 1194 exercitu
1035 1119 1167 1194 absum.-
1229 1122 1233 1137 '

200 1231 244 1304 tis
253 1233 499 1307 commeatibus
512 1232 647 1328 paucis,
663 1258 751 1332 quos
762 1233 925 1305 advectos
934 1231 1168 1331 praediximus,

192 1341 236 1443 jn
257 1369 405 1442 corpora
420 1345 475 1418 sua
490 1347 659 1443 necessitas
673 1366 745 1418 erat
759 1347 904 1418 humana
926 1345 1109 1433 vertenda,
1130 1345 1170 1420 ni
1200 1390 1205 1426 r
1293 1342 1295 1347 ’

199 1451 433 1550 jumentorum
447 1457 527 1528 caro
543 1455 707 1528 caesorum
722 1454 935 1552 aliquatenus
948 1453 1170 1550 perdurasset:

201 1563 292 1634 unde
315 1562 468 1637 effedum
483 1563 555 1654 est,
573 1581 616 1636 -ut
638 1563 677 1637 &
699 1589 871 1636 armorum
890 1559 1049 1659 pleraque
1061 1561 1169 1658 proii-

202 1690 360 1745 cerentur
386 1675 423 1748 δι
444 1671 661 1747 sarcinarum.
685 1674 783 1748 Adeo
809 1672 900 1744 enim
924 1671 1033 1744 atroci
1056 1671 1171 1744 tabui-

199 1803 280 1850 mus
295 1779 383 1852 farne
397 1835 408 1871 ,
424 1799 461 1852 ut
477 1781 501 1854 fi
516 1781 654 1878 usquam
672 1781 809 1852 modius
826 1792 914 1852 unus
929 1777 1045 1850 farinae
1059 1777 1171 1851 fuisset

203 1904 377 1986 repertus,
394 1887 490 1986 quod
512 1911 590 1960 raro
605 1888 821 1985 contigerat,
839 1885 948 1959 aureis
964 1888 1080 1958 decern
1093 1910 1172 1958 mu·

202 2013 331 2068 taretur
346 2014 385 2070 ut
400 1997 523 2072 minus.
542 1994 689 2070 Profecti
701 1995 823 2067 exinde
840 1993 1055 2089 Thilsaphata
1069 1994 1173 2066 veni·
1197 2044 1199 2053 ·

202 2131 296 2198 mus,
317 2107 375 2181 ubi
391 2107 599 2186 Sebastianus
611 2127 711 2203 atque
726 2107 1006 2205 Procopiuseum
1025 2103 1171 2180 tribunis

205 2214 445 2316 principiisque
461 2212 618 2290 'militum'
641 2215 700 2288 fibi
721 2215 944 2289 adtuendam
970 2212 1173 2310 Mesopota·

203 2325 306 2398 miam
317 2324 589 2415 commissorum,
603 2325 641 2398 ut
650 2323 810 2422 poscebat
818 2324 1032 2413 solemnitas,
1045 2329 1174 2396 occur&

204 2453 345 2508 rerunt:
363 2431 641 2533 &sequebantur
664 2435 811 2533 benigne
830 2434 980 2532 suscepti.
995 2432 1171 2537 Postquae

203 2544 325 2620 itinere
347 2545 528 2637 festinato,
543 2547 651 2618 Nisibi
677 2546 799 2642 cupide
818 2545 915 2634 visa,
932 2562 1027 2618 extra
1048 2543 1170 2616 urbem
1264 2639 1267 2644 Ι

203 2655 325 2729 slativa
354 2654 458 2731 castra
489 2655 605 2754 posuit
627 2656 790 2754 Princeps
805 2671 826 2729 ἐ
851 2653 1055 2754 rogatusque
1079 2655 1171 2727 enise

202 2781 364 2861 precante
385 2761 566 2859 multiplici
591 2763 711 2859 plebe,
736 2781 777 2836 ut
796 2762 980 2860 ingressus,
1006 2761 1170 2858 palatium
1195 2830 1200 2839 .

94 2960 97 2983 Ι
202 2897 301 2948 ruore
318 2873 512 2948 succederet
523 2873 717 2969 Principum
731 2924 742 2962 ,
756 2873 974 2970 pertinaciter
989 2872 1170 2946 reludatus

204 2983 274 3075 est,
298 2983 654 3081 erubescens,agcnte
667 2981 800 3080 seintqa
819 3006 936 3055 muros
949 3035 960 3068 ,
973 2984 1093 3055 urbem
1114 2981 1170 3053 in·

204 3091 463 3192 expugnabilem
478 3089 569 3166 iratis
583 3091 735 3181 hostibus¹
751 3091 848 3166 tradi.
869 3091 919 3165 lbi
931 3115 1014 3166 tunc
1029 3091 1170 3188 vespera

202 3201 422 3290 tenebrante,
445 3217 591 3298 raptura
609 3225 709 3273 coena
722 3198 914 3293 lovmnus,
936 3201 1065 3296 primus
1078 3201 1169 3275 inter
1219 3196 1226 3222 '

203 3309 358 3383 notarios
382 3313 524 3402 omnes,
538 3333 640 3410 quent
660 3309 697 3381 in
721 3302 901 3383 obsidione
924 3308 1072 3384 civitatis
1091 3313 1170 3383 Ma·

204 3415 424 3514 jozamalchae
442 3443 503 3515 per
523 3417 720 3502 cuniculum
736 3419 916 3496 docuimus
936 3420 1073 3494 evasrsle
1090 3446 1170 3495 cunr

161 3601 163 3614 ,
205 3519 311 3616 aliis,
333 3527 513 3626 ruensque
538 3530 580 3602 ad
609 3529 750 3602 devium
776 3529 920 3620 locum,
952 3529 991 3603 &
1012 3555 1170 3629 praeceps

203 3637 297 3709 edus
308 3634 344 3707 in
359 3654 499 3732 puteum
518 3637 642 3712 siccum
658 3693 669 3726 ,
687 3639 831 3712 obrutus
844 3638 892 3712 est
906 3638 1063 3712 saxorum
1077 3642 1169 3711 mul·
1188 3704 1190 3708 .

203 3745 348 3824 titudine
361 3745 559 3848 superjecta:
570 3748 657 3824 hanc
670 3748 827 3849 profedo
842 3751 890 3825 ob
903 3750 1056 3842 causam,
1071 3749 1169 3852 quod

1310 2125 1324 2187 Ι
