2775 4284
292 254 460 329 RERUM
480 253 738 329 GESTARUM
762 256 840 331 LlB.
856 200 989 332 XXXl.
1058 254 1126 333 28r

30 463 37 475 1
159 421 294 497 acervis
310 422 474 496 caesorum
491 418 651 519 aggestis,
671 417 863 492 exanimata
879 418 1044 491 cadavera
1061 414 1131 491 fine

163 534 366 631 parsimonia
390 532 618 607 calcabantur
641 528 773 627 Solque
792 525 970 602 sublimior
989 526 1132 605 decurso

163 642 280 717 L'eone
301 644 343 717 ad
367 642 580 717 domicilium
605 642 751 718 coelestis
774 640 927 745 Virginis
951 640 1133 733 translens,

163 754 341 827 Romanos
354 754 462 853 magis
472 771 664 827 attenuatos
679 752 792 825 inedia
805 751 926 852 sitique
940 752 1135 847 confedos,

163 862 264 937 etiam
287 888 460 939 armorum
482 864 705 965 gravantibus
731 862 867 938 sarcinis
891 865 1062 942 exurebat.
1082 864 1136 937 Ad

164 972 322 1046 ultimum
337 973 556 1047 incumbente
568 974 792 1048 barbarorum
808 975 960 1071 pondere
979 974 1073 1050 acies,
1085 974 1136 1047 in·

166 1082 301 1168 clinatae
322 1084 544 1175 nostrorum,
569 1085 667 1182 quod
697 1084 808 1156 solum
834 1081 1011 1180 postremis
1041 1082 1137 1160 malis

166 1193 316 1267 habuere
338 1193 541 1320 subsidium,
564 1194 767 1286 incondite,
783 1219 848 1291 qua
873 1194 1017 1297 quisque
1038 1213 1139 1292 pote·

137 1324 236 1398 ¹rat,
254 1323 438 1383 vertuntur
463 1306 501 1377 in
528 1305 641 1402 pedes
670 1306 838 1403 Dumque
860 1330 981 1379 omnes
1002 1304 1139 1403 dispersa
1228 1351 1234 1355 -

166 1440 229 1513 per
247 1414 388 1512 ignotos
404 1413 555 1486 tramites
573 1412 698 1486 cedunt
706 1416 921 1526 ,Imperator
935 1413 1014 1488 diris
1028 1439 1140 1511 pavo·

167 1524 262 1617 ribus
282 1523 547 1620 circumseptus,
560 1522 792 1621 paulatimque
809 1510 959 1598 insiliens
980 1524 1148 1609 ῑιιηετυηι

169 1612 301 1723 moles,
318 1634 362 1705 ad
376 1632 577 1708 lancearios
601 1632 811 1731 confugit&
825 1632 1043 1709 Mattiarios:
1061 1636 1142 1733 qui,

171 1743 254 1816 dum
265 1742 450 1817 multitudo
463 1742 673 1816 tolerabatur
685 1740 922 1828 hostrnafins
935 1746 1143 1847 corporibus

171 1853 331 1927 steterant
342 1854 544 1949 inconcussi.
555 1857 677 1953 quue
692 1854 769 1931 viso
782 1854 947 1951 Traianus
959 1858 1144 1947 exclamat,

86 1956 93 1967 ’
165 1963 264 2061 ¹spem
285 1971 424 2040 omneni
444 1965 650 2052 absumtam‚
672 1966 710 2037 ni
734 1964 882 2039 desertus
905 1967 947 2039 ab
971 1966 1144 2065 armigeris

165 2072 336 2172 ‘Princeps
353 2073 465 2149 saltem
486 2074 679 2151 adventitio
693 2093 864 2174 tegeretur
881 2075 1025 2152 auxilio.
1045 2078 1145 2149 Hoc-

174 2208 242 2282 que
257 2184 375 2258 audito
387 2187 509 2262 Viblor
526 2186 669 2261 nomine
684 2188 813 2262 Comes
829 2187 1003 2263 Batavos
992 2213 1029 2260 m
1043 2184 1145 2258 subst-

174 2293 239 2369 diis
259 2296 392 2371 locatos
406 2296 497 2372 haud
516 2299 640 2396 procul
661 2298 704 2371 ad
722 2300 939 2397 Imperatoris
955 2296 1146 2397 presidium

173 2402 297 2498 raptim
320 2428 445 2502 cogere
467 2430 675 2501 properans,
694 2432 774 2480 cum
797 2406 954 2483 iuvenire
974 2405 1147 2479 neminem

174 2508 305 2606 pollet,
323 2510 479 2606 gradiens
497 2529 593 2585 retro
613 2510 778 2586 disceffit:
769 2514 940 2639 ·parique
960 2515 1068 2588 modo
1085 2516 1146 2587 Ri-

102 2651 104 2654 ·
177 2622 357 2691 chomeres
380 2620 536 2715 periculo
563 2621 667 2699 semet
698 2622 844 2714 exemia,
870 2626 909 2699 δι
937 2623 1148 2699 Saturninus

177 2728 415 2827 Sequebantur
435 2729 550 2829 itaque
570 2731 689 2805 surore
711 2757 752 2806 ex
774 2732 886 2807 oculis
909 2732 1047 2806 lucente
1070 2733 1148 2807 bar·

177 2840 251 2914 bari
263 2841 417 2936 nostros,
429 2840 497 2941 jam
511 2843 687 2942 linquente
699 2869 864 2921 venarum
880 2847 995 2919 calore
1008 2848 1150 2943 torpen-

143 3004 149 3011 .
177 2969 229 3023 tes
243 2977 252 3023 :
266 2977 414 3050 quorum
429 2950 534 3051 aliqui
549 2952 800 3051 percussoribus
815 2956 980 3029 cadebant
993 2957 1150 3050 incertis,

175 3058 339 3133 nonnulli
359 3060 570 3157 ponderibus
587 3060 667 3136 solis
689 3063 884 3162 urgentium
906 3064 1045 3155 obruti,
1064 3064 1149 3137 isiu-
1177 3096 1179 3101 ·
1226 3090 1229 3096 ’

178 3192 248 3267 que
267 3168 406 3243 suorum
425 3170 530 3270 aliqui
553 3172 736 3246 trucidati:
758 3199 822 3248 nec
838 3173 929 3247 enim
950 3173 1036 3271 saepe
1059 3178 1151 3248 reni·

179 3276 332 3351 tentibus
356 3279 559 3371 cedebatur,
578 3298 636 3356 aut
655 3283 815 3379 parcebat
835 3280 1032 3356 cedentibus
1056 3282 1151 3381 quis·

56 3394 70 3405 ⁴
182 3410 296 3482 quam.
316 3390 423 3486 Super
436 3389 491 3465 his
505 3390 729 3466 obstruebant
741 3392 863 3468 itinera
879 3392 1029 3489 jacentes
1050 3393 1150 3467 multi

181 3492 386 3588 semineces,
402 3500 573 3575 cruciatus
594 3501 776 3575 vulnerum
791 3527 865 3576 non
886 3501 1053 3576 ferentes:
1069 3527 1150 3578 cum

181 3600 306 3702 quibus
323 3630 458 3707 aggeres
475 3634 615 3712 quoque
636 3635 807 3712 equorum
827 3610 990 3689 constrari
1008 3610 1150 3693 cadaree
