2775 4284
303 311 471 387 RERUM
495 313 751 429 GESTARUM
773 313 854 390 LlB.
873 315 1007 391 XXXI.
1069 341 1138 418 275

171 473 234 548 hus
262 474 385 570 patulis
412 466 475 548 nec
507 474 646 564 inedia,
671 498 735 550 nec
760 454 908 550 obcultis
935 497 1143 551 vexarentur

170 585 309 662 insidiis.
327 585 424 662 Dum
437 589 509 661 haec
523 606 668 686 aguntur
684 585 720 659 in
734 587 892 662 Thraciis
907 643 918 681 ‚
933 588 1143 684 Gratianus,
1192 669 1195 673 ,

172 697 277 771 dodo
300 698 403 772 literis
421 717 561 793 patruo,
579 723 645 798 qua
660 695 819 770 industria
838 695 1045 796 superaverit
1058 700 1143 778 Ala·
1163 772 1170 798 ,

172 831 344 898 mannos,
365 805 509 904 pedestri
544 807 665 880 itinere
690 806 863 902 praemiffis
892 807 1145 904 impedimentis

173 916 212 986 δι
236 914 398 1001 seminia,
426 913 495 1011 ipse
524 940 601 987 cum
626 913 846 1010 expeditiore·
869 914 1015 988 militum
1044 943 1148 993 manu

173 1045 349 1122 permeato
369 1025 563 1114 Danubio,
591 1024 721 1096 delatus
743 1023 965 1116 Bononiam,
985 1026 1148 1102 Sirmium

175 1134 312 1209 introiit
328 1164 336 1210 ε
354 1140 391 1211 &
413 1136 629 1234 quatriduum
647 1135 696 1207 ibi
709 1155 887 1226 moratus,
903 1164 963 1234 per
977 1138 1066 1211 idem
1081 1137 1149 1211 flu-

175 1271 254 1318 men
282 1247 322 1332 ad
346 1245 465 1320 Martis
482 1245 584 1320 casira
607 1243 779 1317 descendit
794 1299 806 1334 ,
820 1244 969 1318 febribus
985 1243 1150 1318 interval·

176 1354 252 1427 latis
272 1354 436 1430 afflidlusr
459 1356 493 1426 in
514 1351 586 1452 quo
609 1356 716 1427 traslu
736 1355 923 1428 Alanorum
945 1354 1076 1451 impetu
1092 1382 1152 1440 re·,

175 1466 322 1564 pentino
339 1487 512 1556 tentatus,
535 1465 642 1538 amisit
657 1465 866 1563 sequentium
887 1491 1026 1562 paucos.

227 1578 303 1648 XII.
318 1575 504 1673 Iisdemque
527 1574 643 1645 diebus
659 1574 848 1672 exagitatus
869 1574 1003 1646 ratione
1016 1571 1152 1672 gemina

177 1683 331 1774 Valens,
361 1685 457 1780 quod
487 1682 679 1756 Lentienses
708 1701 921 1777 compererat
953 1683 1154 1777 superatos,

178 1794 341 1890 quodque
367 1791 576 1872 Sebastianus
599 1790 745 1874 subinde
772 1790 917 1880 scribens
941 1789 1026 1862 sada
1056 1793 1153 1867 dietis

179 1904 424 2002 exaggerabat:
445 1928 463 1974 e
487 1902 719 1974 Melanthiade
740 1901 832 1999 signa
861 1903 1080 1992 commovit,
1106 1931 1154 1975 κ·

180 2014 361 2113 quiparare
382 2010 536 2084 facinore
560 2013 711 2108 quodam
736 2011 873 2110 egregio
902 2012 1155 2115 adolescentem

181 2149 369 2222 properans
386 2121 493 2194 filium
512 2121 641 2214 fratris,
662 2119 759 2217 cujus
774 2123 960 2196 virtutibus
975 2125 1133 2199 utebatur
1144 2116 1166 2197 τ’

182 2237 392 2332 ducebatque
410 2233 614 2330 multiplices
639 2233 757 2330 copias
778 2257 840 2306 nec
869 2231 1167 2327 contemnendas‚'

93 2398 97 2414 .
182 2371 247 2418 nec
265 2343 406 2443 segnes:
426 2344 553 2440 quippe
569 2343 670 2415 etiam
693 2356 875 2414 veteranos
895 2341 1010 2415 iisdem
1033 2340 1159 2437 junxe-

184 2478 238 2532 rat
251 2457 417 2554 plurimos
433 2483 442 2526 r
460 2455 548 2524 inter
568 2477 655 2549 quos
679 2455 717 2524 δι
742 2452 984 2524 honoratiores
1008 2454 1091 2543 alii,
1117 2457 1158 2528 &

183 2567 351 2659 Traianus
375 2561 570 2658 procinslus
592 2557 665 2646 est,
689 2557 799 2654 paulo
818 2576 896 2628 ante
921 2557 1080 2654 Magister
1102 2586 1159 2631 ar·
1196 2648 1201 2654 ἱ

185 2705 334 2762 motum.
355 2675 398 2748 Et
421 2676 584 2773 quoniam
608 2670 849 2770 exploratione
873 2668 1016 2744 sollicita
1033 2673 1159 2771 cogni·

186 2811 258 2865 tum
287 2788 351 2878 est,
370 2786 519 2886 cogitare
542 2784 655 2858 hostes
682 2781 827 2855 fortibus
852 2779 1012 2886 praesidiis
1035 2781 1160 2858 itinera
1217 2782 1219 2785 ’

186 2899 366 2984 claudere,
387 2921 448 2992 per
463 2919 538 2991 quae
558 2911 768 2966 commeatus
786 2888 958 2962 necessarii
974 2892 1160 2985 portaban-

188 3027 268 3081 tur:
291 3003 469 3078 occursum
495 3002 540 3074 etl
563 3002 643 3077 huie
663 2999 804 3074 conatui
830 3008 1091 3094 competenter,
1108 3001 1162 3075 ad

189 3113 381 3187 retinendas
397 3110 671 3207 opportunitates
685 3105 935 3204 angustiarum,
956 3131 1031 3203 quae
1048 3135 1161 3208 prope

91 3221 98 3233 ’
190 3240 307 3311 erant,
323 3219 490 3316 peditibus
512 3216 742 3314 sagittariis&
762 3213 913 3311 equitum
936 3218 1161 3313 turmascitius

190 3333 294 3408 milla.
316 3331 518 3426 Triduoque
542 3327 704 3425 proximo
721 3351 797 3400 cum
818 3323 951 3398 barbari
977 3328 1081 3425 gradu
1099 3329 1164 3402 in·
1234 3311 1244 3324 ’

192 3443 350 3516 cederent
376 3440 468 3527 leni,
497 3442 533 3512 bc
559 3457 748 3511 metuentes
773 3436 989 3534 eruptionem
1017 3463 1078 3533 per
1100 3439 1163 3511 de·
1262 3437 1267 3443 ’

192 3553 271 3640 via,
287 3548 479 3647 quindecim
503 3546 652 3620 millibus
675 3548 824 3644 passuum
839 3572 857 3618 a
874 3545 1013 3620 civitate
1029 3545 1179 3640 discreti⁸

193 3662 370 3738 stationem
398 3677 551 3759 peterent
581 3658 692 3734 Nicen
715 3686 725 3736 r
750 3660 917 3734 incertum
946 3682 1017 3756 quo
1044 3685 1164 3736 errore
1236 3714 1241 3724 ·

188 3815 207 3848 .
736 3803 741 3812 =
918 3769 989 3843 Sa
1054 3798 1057 3809 ·
