2775 4284
133 191 149 308 s
285 252 459 376 'annun
477 257 738 332 casrnrun
762 257 843 333 na.
865 255 990 334 xxx.
1055 218 1134 357 '239

170 435 274 513 quem
292 418 454 514 temporis
475 417 668 514 compulsus
688 413 869 516 angustiis,
884 419 920 490 in
939 417 1137 517 amplitudi-

170 532 225 608 nis
250 532 315 608 suae
338 535 529 610 societatem
552 537 707 612 affumfit.
729 535 953 634 Scrupulosus
978 535 1015 612 in
1042 537 1151 613 deser
1175 563 1182 572 ’

171 651 287 726 tendis
310 653 531 748 potestatibus
551 646 668 736 celsis:
692 676 757 726 nec
778 653 965 748 imperante
985 675 1029 725 eo
1053 677 1138 751 pro·

171 771 323 848 vinciam
345 770 589 850 nummularius
607 770 785 860 rexit,›aut
799 769 1047 845 administratio
1073 798 1139 847 ve·

172 886 353 976 numana,
375 887 435 960 nisi
455 887 543 960 inter
550 883 702 985 [initia]
718 905 758 959 ur
773 887 883 960 solent
901 887 1141 985 occupationis

171 999 232 1097 spe
253 1001 309 1074 vel
330 1001 468 1099 impune
489 1005 642 1101 quaedam
659 1003 791 1078 sccsella
809 1005 990 1079 committi.
1014 1005 1070 1077 Ad
1088 1004 1142 1077 in·

173 1115 313 1194 serenda
339 1120 632 1219 propulsandaque
656 1122 745 1196 b'ella
771 1121 1036 1210 sollertissimus,
1057 1147 1142 1196 cau·

173 1250 251 1322 tus;
273 1235 354 1308 aslu
379 1237 492 1310 Martii
513 1237 668 1333 pulveris
696 1237 871 1313 induratus
878 1265 890 1328 ;
916 1237 1001 1312 boni
1025 1236 1144 1337 pravii

111 1426 114 1447 Ι
175 1375 244 1448 que
269 1350 381 1424 suasor
406 1351 626 1426 &dissuasor
651 1351 834 1426 admodum
861 1352 1029 1449 pardem,
1049 1352 1143 1426 mili·

105 1467 107 1472 ’
174 1471 255 1546 caris
269 1472 318 1544 rei
337 1471 500 1568 ordinum
517 1469 793 1546 scrutantisiimus
808 1498 817 1544 :
832 1470 978 1545 scribens
997 1473 1122 1546 decore
1127 1525 1144 1563 ‚

175 1588 385 1688 venusteque
402 1588 594 1687 pingens&
612 1587 761 1688 fingens,
776 1591 814 1664 δι
828 1613 1005 1664 novorum
1019 1591 1144 1668 inven-

176 1721 234 1779 tor
255 1729 426 1804 armorum
440 1731 450 1778 ε
466 1708 629 1777 memoria
646 1704 870 1804 sermoneque
895 1706 1040 1783 incitato
1065 1702 1147 1806 quiss
1172 1700 1185 1748 Ὗ

176 1821 277 1909 dem,
297 1817 353 1893 sed
365 1841 443 1912 raro
451 1873 464 1910 q,
480 1819 649 1894 facundia
670 1818 833 1919 proximo
853 1820 996 1922 vigens;
1012 1840 1145 1909 amator

123 1927 126 1932 ’
177 1932 440 2027 munditiarum,
457 1933 617 2030 laetusque
635 1956 710 2008 non
729 1933 876 2032 profusis
896 1935 1008 2032 epulis
1027 1938 1065 2010 &
1078 1961 1146 2009 ex·
1202 1975 1207 1984 ·

128 2041 131 2046 ¹
178 2051 289 2128 cultis.
312 2051 489 2127 Poslrcmo
508 2050 577 2126 hoc
600 2051 833 2127 moderamine
857 2051 1064 2150 principatus
1087 2053 1146 2125 in·
1213 2123 1215 2127 ,

148 2189 152 2194 ·
178 2169 431 2268 claruit,quod
452 2170 541 2243 inter
559 2168 763 2267 religionum
785 2167 992 2246 diverfitates
1015 2160 1148 2244 medius

178 2285 289 2377 stetit,
314 2311 378 2360 nec
403 2310 607 2384 quemquam
625 2284 861 2383 inquietavit,
883 2309 994 2384 neque
1020 2304 1059 2357 ut
1077 2285 1147 2359 hoc

178 2406 350 2482 coleretur
369 2403 551 2500 imperavit
563 2420 622 2476 aut
642 2402 727 2474 illud
741 2426 829 2485 cnec
842 2401 1027 2500 interdictis
1040 2403 1148 2476 mina·

179 2523 278 2598 cibus
289 2519 512 2618 subjeslorum
527 2516 700 2590 cervicem
713 2517 755 2590 ad
768 2517 822 2606 id,
832 2517 927 2614 quod
940 2516 1010 2614 ipse
1020 2519 1146 2612 coluit,·

179 2636 386 2723 inclinabat,
409 2632 465 2706 sed
486 2631 701 2706 intemeratus
722 2630 859 2728 reliquit
878 2631 939 2706 has
956 2651 1089 2730 partes,
1108 2652 1149 2708 ut

180 2755 318 2854 reperit.
333 2755 471 2850 Corpus
484 2751 556 2846 ejus
571 2749 772 2824 lacertosum
787 2747 1018 2840 &qualidum
1033 2749 1149 2847 capilli
1297 2747 1302 2759 ’

181 2874 298 2970 fulgor
318 2866 513 2966 colorisque
533 2863 645 2956 nitor,
666 2889 745 2940 cum
764 2865 875 2940 occulis
895 2865 1000 2939 celiis
1019 2863 1149 2962 semper

182 2983 362 3084 obliquum
384 2982 548 3059 intuentis
568 2984 607 3055 δι
626 2999 768 3056 torvum
782 3035 794 3070 ,
810 3001 911 3079 atque
928 2981 1149 3078 pulchritudo

182 3108 336 3194 slaturae,
356 3097 710 3198 lineamentorumque
730 3100 1005 3198 rella'compago
1017 3151 1030 3189 ,
1043 3096 1149 3195 majo
1235 3151 1252 3174 κ
1323 3186 1325 3194 y

182 3222 274 3298 slatis
294 3220 393 3318 regia
416 3222 519 3294 decus
539 3216 712 3316 implebat.

231 3343 282 3414 Xt
304 3339 383 3415 Post
405 3339 617 3414 conclamata
639 3330 857 3432 Imperatoris
876 3331 1048 3430 suprema,
1067 3358 1151 3408 cor-

184 3459 314 3562 pusque
331 3449 486 3534 curatu'm
511 3458 555 3532 ad
580 3454 809 3553 sepulturam,
831 3471 873 3526 ut
894 3451 1026 3524 missum
1048 3455 1152 3525 Con·

185 3577 444 3675 slantinopolim
462 3576 551 3650 inter
573 3575 738 3648 divorum
759 3570 917 3668 reliquias
937 3571 1151 3644 humaretur:

101 3777 106 3784 ,
187 3692 345 3796 suspenso
370 3691 513 3770 instante
535 3689 738 3798 procindlu,
755 3712 878 3791 anceps
897 3686 949 3770 tei
971 3687 1153 3789 timebant
