2775 4284
1086 170 1110 201 O

305 223 1132 359 aeuuucasitnuuuauxuu.125

173 416 251 493 fixis
272 444 314 493 ex
336 446 453 509 more,
478 448 554 494 cum
575 420 726 520 undique
743 422 785 493 ad
795 447 891 493 arma
906 422 1141 517 conclamare·

172 548 253 617 tur,
273 528 418 625 imperio
437 531 603 627 Principis
623 534 661 605 &
685 533 862 605 duuorum
885 530 974 603 sterit
991 530 1140 629 regibilis
1182 576 1187 587 =

172 639 290 724 miles,
308 641 472 713 vexillum
489 641 671 743 opperiens
688 635 939 748 extollendum:
952 643 1054 739 quod
1068 659 1140 712 erat

172 766 368 845 opportune
396 748 576 823 subeundae
596 746 759 825 indicium
779 745 912 849 pugnae.
938 752 1034 847 Ergo
1060 750 1140 847 quia

93 917 99 941 .
116 870 119 879 '
171 858 312 953 spatium
326 850 531 932 deliberandi
546 880 603 933 aut
619 862 778 957 exiguum
794 861 959 952 dabatur,
980 880 1038 933 aut
1057 859 1138 931 nul-

172 966 263 1067 lun‘t,
277 968 357 1041 hinc
376 967 585 1065 impatientia
597 966 712 1043 militis
724 988 952 1065 perterrente,
966 970 1045 1053 inde
1058 970 1142 1041 hor·

109 1134 115 1151 ,
172 1076 276 1161 renda
301 1075 625 1151 circumsonantibus
650 1076 871 1167 Alamannis,
895 1076 932 1160 id
959 1076 1140 1180 confilium

102 1180 107 1187 ’
171 1185 261 1263 ratio
277 1186 455 1260 celeritatis
478 1188 608 1261 admisit
625 1242 636 1278 ,
653 1208 691 1289 ut
706 1189 852 1260 arduam
873 1188 1141 1285 montiumpar·

67 1348 71 1357 .
173 1312 262 1385 tem,
277 1323 377 1394 quam
397 1298 580 1395 clementer
599 1298 750 1372 diximus·
768 1300 831 1390 esse
843 1300 1058 1395 proclivem,
1076 1302 1149 1371 Se·.
1208 1373 1212 1389 ,

170 1403 341 1478 bassianus
353 1432 429 1479 cum
448 1407 512 1479 suis
525 1426 726 1503 occuparet,
742 1406 910 1506 fugientes
923 1412 1141 1495 Germanos,

171 1510 197 1585 sr
214 1514 285 1611 fprs
302 1517 347 1587 ira
361 1514 484 1590 tulisset
499 1572 512 1605 ,
526 1517 601 1610 levi
614 1518 754 1617 negotio
772 1517 988 1591 confossurus
1006 1546 1015 1592 t
1040 1543 1140 1615 quo„

173 1643 213 1695 ut
232 1625 375 1718 placuit,
389 1644 557 1699 maturato
574 1679 586 1716 ,
604 1627 837 1723 Gratianoque
853 1629 943 1724 apud
967 1628 1055 1726 signa
1076 1631 1138 1702 lo·

173 1732 357 1813 vianorum
374 1754 466 1809 retro
485 1739 648 1824 detento,
667 1734 763 1841 cujus
780 1758 857 1808 aetas
876 1754 945 1809 erat
967 1731 1143 1808 etiamtum
1158 1734 1166 1746 '

172 1843 378 1941 proeliorum
392 1846 619 1943 impatiens&
633 1847 788 1919 laborum
802 1898 813 1935 ,
829 1846 1087 1918 Valentinianus
1104 1862 1144 1915 ut
1183 1894 1193 1914 t

172 1952 245 2023 dux
264 1953 438 2025 cundator
460 1957 497 2028 δι
514 1972 625 2044 tutus,
643 1954 865 2026 centurias&
880 1952 1071 2050 manipulos
1089 1977 1145 2023 ca·

173 2058 245 2155 pite
265 2060 391 2133 inteslo
416 2060 635 2150 collustrans,
659 2061 757 2133 nullo
775 2061 966 2157 potentium
992 2062 1027 2132 in
1053 2084 1143 2133 con·
1226 2120 1236 2135 ,

171 2166 347 2243 scientiam
361 2172 670 2263 arcaniadhibito,
693 2192 825 2247 remota
850 2172 1068 2245 multitudine
1084 2172 1141 2245 sti-

172 2299 364 2377 patmum,
390 2282 598 2379 speculatum
629 2284 759 2359 radices
792 2311 954 2384 aggerum
983 2285 1152 2369 avolavit,

172 2412 251 2461 cum
274 2392 415 2485 paucis,
442 2417 589 2489 quorum
611 2394 804 2465 industriam
830 2414 931 2466 norat
953 2393 1140 2499 &xfidemr

172 2501 384 2595 praedicam,
400 2519 439 2572 ut
461 2521 532 2572 erat
552 2500 602 2573 sui
623 2525 786 2599 arrogans
806 2501 1014 2590 aestimator,
1037 2502 1141 2588 invef
1180 2543 1205 2567 2
1254 2578 1261 2588 ι

172 2608 239 2691 niri
262 2608 354 2707 posse
383 2608 484 2681 aliam
506 2604 620 2695 viam,
649 2609 828 2709 ducentem
854 2610 897 2705 ad
923 2610 1050 2683 arduos
1077 2610 1141 2683 cli-

171 2744 270 2808 vos,
295 2738 418 2817 praeter
432 2745 529 2810 eam,
549 2740 650 2817 quarn
672 2719 846 2816 inspexere
871 2716 1140 2815 proculcatores

171 2834 236 2905 Per
255 2833 374 2930 ignota
393 2832 507 2929 itaque
531 2822 747 2929 &palustres
768 2828 914 2927 uligines
933 2829 1051 2904 devius
1063 2850 1141 2901 ten-

112 2936 116 2951 ’
171 2945 279 3035 dens,
298 2944 510 3025 infidiatricis
528 2969 645 3017 manus
659 2942 780 3016 locatae
795 2967 855 3039 per
873 2942 1014 3041 obliqua
1029 2941 1141 3015 subito

173 3056 366 3153 oppetiisset
388 3055 548 3145 accursu,
570 3054 606 3126 ni
632 3052 830 3126 necessitatis
853 3051 1141 3148 adjumento-po·
1182 3081 1189 3093 ·
1228 3065 1239 3156 J

173 3168 326 3260 slrem0,
353 3194 414 3267 per
437 3167 571 3241 labilem
596 3167 713 3290 limum
738 3164 883 3237 incitato
907 3162 1062 3256 jumento
1089 3161 1143 3233 di·

159 3277 321 3382 gressus,
341 3278 514 3376 legionum
535 3278 568 3349 se
586 3276 720 3375 gremiis
734 3273 939 3345 immerfisset
955 3273 1029 3369 post
1043 3273 1142 3346 abru

172 3406 269 3485 ptum
292 3389 503 3505 periculum.
524 3389 580 3463 cui
604 3390 690 3461 adeo
712 3387 891 3485 proximus
912 3386 1000 3474 suit,
1021 3405 1059 3457 ut
1081 3412 1140 3509 gp·

172 3492 308 3567 leam
280 3518 351 3589 epus
375 3494 600 3569 cubicularius
620 3495 752 3584 ferens,
769 3520 852 3566 auro
876 3439 1067 3591 lapillisque
1089 3486 1143 3565 di-

173 3607 346 3694 slinslam,
370 3633 448 3683 cum
471 3576 545 3703 ipso
566 3626 715 3707 tegmine
733 3622 876 3704 penitus
883 3626 1061 3696 interiret
1076 3629 1142 3679 nee
1204 3670 1212 3696 ,

175 3718 292 3817 postca
320 3718 423 3795 vivus
438 3718 663 3817 reperiretur,
683 3736 742 3791 aut
757 3694 974 3830 interfatus.
996 3715 1142 3795 Proinde
