2775 4284
316 189 483 261 nnnuu
510 184 866 261 obstruuntur.
889 186 1018 258 xxxi.
1084 183 1149 278 263

117 422 119 429 ,
186 346 388 422 vastatorias
413 371 549 435 manus,
568 371 644 442 quae
666 334 1031 442 [jussrsJoptimatum
1053 365 1154 414 acce·

24 483 38 494 ’
154 465 171 485 ”
187 457 275 554 ptis,
298 456 428 541 slatim,
450 473 487 526 ut
515 453 640 527 incenfi
665 451 836 537 malleoli,
858 452 901 523 ad
920 449 1155 546 carraginem,

186 580 291 664 quam
316 568 363 640 ita
386 564 447 662 ipsi
465 564 654 661 appellant,
673 563 746 634 aliti
771 561 956 637 velocitate
981 559 1161 657 regressa-,⁸

94 745 98 757 ,
185 674 401 750 incentivum
429 672 576 748 audendi
603 669 733 767 majora
757 669 980 768 popularibus
1012 667 1153 739 addide-

64 860 67 864 .
185 805 278 860 runt.
304 785 401 858 Nihil
424 785 498 882 poll
522 783 597 858 haec
617 784 706 886 inter
726 801 836 880 partes
856 800 977 878 praeter
999 777 1154 875 inducias

184 891 337 989 lanatum
349 894 394 968 est
407 896 542 971 breves.
554 891 711 966 Reversrs
727 890 817 964 enim
827 890 904 979 bis,
914 915 1001 988 quos
1015 887 1153 960 neceffi·

186 1020 236 1075 tas
257 1022 442 1092 evocarat,
461 1003 556 1100 plebs
569 1002 681 1074 omnis
696 999 784 1071 intra
799 998 971 1095 septorum
987 995 1153 1069 ambitum
1193 1045 1197 1068 ,

184 1111 359 1208 etiamtum
379 1111 557 1201 contrusa,
575 1110 770 1183 immaniter
783 1107 951 1210 fremens,
966 1103 1158 1202 animisque·

186 1221 325 1295 concita
345 1221 564 1308 truculentis,
579 1219 724 1315 experiri
744 1216 913 1315 postrema
936 1213 1153 1300 discrimina,

156 1375 159 1382 .
184 1355 251 1404 nec
273 1329 485 1424 principibus
508 1328 635 1427 gentis,
650 1327 716 1424 'qui
734 1326 893 1414 aderant,
912 1321 1154 1411 renuentibus,

186 1435 353 1510 cruditate
372 1433 558 1514 festinabat.
575 1437 618 1505 Et
638 1433 802 1532 quoniam
820 1432 895 1504 baec
915 1429 987 1534 sole¹
1005 1430 1153 1530 ageban-

185 1561 242 1614 tur
255 1566 431 1632 extremo,
445 1567 585 1639 noxque
599 1543 788 1615 adventans
806 1541 848 1613 ad
860 1539 1007 1636 quietem
1022 1539 1155 1636 invitos
1266 1593 1270 1601 ,

186 1651 353 1726 retinebat
373 1655 411 1727 δι
434 1652 592 1742 moestos,
611 1671 715 1748 capto
730 1635 791 1748 tier
812 1650 922 1722 otium
940 1650 1019 1722 cibo
1032 1647 1155 1746 ‘somni

185 1763 383 1834 manserunt
394 1781 561 1858 expertes.
584 1763 717 1834 Contra
731 1757 902 1847 Romani,
917 1757 969 1830 his
984 1756 1154 1856 cognitis,
1237 1831 1243 1851 ἱ

186 1872 248 1968 ipsi
269 1897 410 1972 quoque
434 1871 611 1946 exsomnes
633 1872 839 1947 verebantur
857 1869 991 1957 hostes,
1010 1872 1048 1942 &
1069 1870 1169 1959 male¹
1265 1944 1268 1957 ,

161 2025 163 2030 ,
179 1983 286 2057 sanos
299 2010 421 2066 eorum
434 1985 590 2056 dullores
609 2001 646 2056 ut
659 1983 789 2056 rabidas
804 1981 892 2054 feras
905 2007 917 2053 ε
930 1997 1092 2055 eventum
1111 1977 1155 2050 li-

189 2111 243 2166 cet
262 2093 467 2190 ancipitem,
481 2111 520 2166 ut
538 2114 684 2180 numero
707 2090 783 2191 satis
799 2089 996 2179 inferiores,
1012 2088 1157 2188 prospe·
1176 2161 1180 2168 ,

179 2229 262 2292 Νῐιιιη
283 2224 396 2278 tamen
419 2206 467 2278 ob
487 2202 661 2298 justiorem
681 2203 729 2275 sui
752 2203 884 2277 causam
901 2199 1070 2276 mentibus
1091 2227 1156 2275 ex·
1183 2292 1192 2299 N

187 2313 369 2408 spectantes
383 2311 582 2410 impavidis(
590 2315 768 2386 Candente
777 2313 898 2410 ¹itaque
912 2311 1067 2408 protinus
1081 2312 1157 2405 die,
1210 2310 1219 2335 l

186 2423 285 2518 figno
298 2424 340 2494 ad
354 2446 445 2492 arma
464 2421 626 2516 capienda
646 2445 689 2490 err
711 2439 852 2515 utraque
867 2439 961 2513 parte
977 2446 1036 2516 per
1051 2420 1157 2495 lituos

188 2530 290 2620 dato,
304 2527 455 2617 barbari,
471 2527 652 2624 postquam
666 2526 755 2613 inter
770 2551 830 2600 eos
845 2553 887 2601 ex
900 2551 997 2600 more
1008 2527 1157 2622 juratum

188 2639 255 2734 est,
276 2637 468 2712 tumulosos
496 2638 596 2712 locos
627 2657 785 2737 appetere
815 2646 1062 2715 tentaverunt:
1082 2667 1158 2741 quo

188 2748 312 2822 exinde
326 2774 386 2846 per
407 2749 563 2846 procliue
577 2767 729 2822 rotarum
750 2751 858 2823 modo
876 2751 1005 2824 obvios
1025 2753 1158 2849 impetu

189 2855 453 2932 convolverunt
473 2856 617 2930 acriore.
636 2859 786 2956 Hocque
805 2857 882 2933 viso
902 2861 946 2934 ad
963 2861 1044 2934 suos
1063 2855 1157 2958 qius-

188 2995 254 3068 que
270 2969 464 3067 manipulos
484 2994 670 3068 properans
693 2970 810 3061 miles,
830 2971 936 3050 llabili
950 2975 1055 3072 gradu
1069 2999 1157 3050 con·

188 3079 302 3152 fillens
325 3103 389 3166 nec
413 3080 615 3177 vagabatur,
635 3105 699 3154 nec
723 3081 846 3154 relictis
869 3079 1046 3157 ordinibus
1070 3105 1159 3183 prod

125 3289 126 3292 Ἴ
191 3187 353 3262 cursabat.
369 3191 463 3286 Ergo
477 3187 538 3261 ubi
552 3187 712 3286 utrinque
730 3190 819 3264 acies
842 3192 981 3265 cautius
993 3193 1158 3270 inceden-
1253 3221 1262 3247 2

191 3315 240 3370 tes
258 3295 365 3394 gressu
387 3296 547 3370 steterunt
563 3295 754 3388 immobili,
770 3302 931 3375 torvitate
949 3305 1066 3376 mutua
1081 3298 1182 3380 bel-⁵
1246 3381 1251 3399 Ι
1363 3306 1364 3309 ’

192 3407 317 3480 latores
340 3406 524 3480 luminibus
542 3406 574 3482 se
588 3411 845 3484 contuebantur
855 3411 1012 3509 obliquis.
1032 3419 1074 3488 Et
1085 3419 1161 3492 Ro·
1262 3411 1264 3415 ⁵

192 3513 283 3585 mani
304 3514 441 3612 quidem
455 3540 544 3590 voce
566 3518 716 3616 undique
737 3521 859 3594 Martia
882 3523 1160 3615 concinentes,a

176 3623 326 3700 „minore
348 3625 448 3700 solita
467 3626 510 3700 ad
534 3625 699 3724 majorem
720 3628 884 3728 protolli,
898 3625 1001 3728 quam
1024 3634 1160 3734 gentili·
1203 3616 1205 3622 Α

890 3745 971 3836 Rr
