2775 4284
801 124 805 131 ,
878 103 884 133 t
1059 101 1070 137 l
1180 129 1184 135 ,
1275 71 1278 80 Ι

303 238 752 367 annun-nennium
771 222 859 355 un
875 276 1025 355 xxvn.
1080 229 1145 400 ἰη
1259 233 1284 384 s
1373 255 1374 264 ‘

133 444 140 509 i
183 435 254 525 ire':
271 442 358 514 rene
373 438 591 527 noscentibus
607 440 753 537 placuit,
767 437 1074 539 navibus-remigio
1086 441 1155 523 ‚di·‚
1210 504 1213 512 .

182 550 283 625 retiis
293 552 328 623 in
343 551 491 625 medium
508 548 654 640 flumen,
669 577 746 648 quar
763 552 932 626 vehebant
949 577 1027 628 cum
1044 552 1150 625 armi·
1233 596 1235 599 >

183 661 270 761 geris
285 663 496 759 Principem,
512 661 684 759 gentisque
703 660 850 755 judicem
869 662 949 737 inde
968 664 1150 753 cuiusuis,
1224 723 1231 739 ,
1263 717 1267 724 -

182 773 407 863 foederari,ut
419 774 578 847 statutum
592 773 640 847 est
651 827 662 863 ,
673 796 802 870 pacem.
814 775 964 871 Hocque,
977 775 1151 871 composs-

183 902 244 972 to,
262 884 1151 981 &acceptisobsrdibns,ValensConstantinopolim
1215 947 1217 958 ,

182 992 299 1067 rediit:
313 994 370 1065 ubi
385 994 499 1091 postea
513 993 736 1066 Athanaricus
748 992 988 1091 proximorum
1002 991 1159 1067 fatlione

183 1104 384 1203 genitalibus
401 1106 499 1177 terris
518 1103 698 1199 expulsus,
716 1103 808 1176 fatali
830 1102 920 1175 sorte
940 1104 1094 1192 decenn,
1111 1106 1152 1179 &-
1258 1156 1264 1184 ,

182 1212 367 1289 ambitiosis
381 1212 546 1310 exsequiis
560 1213 628 1285 ritu
644 1207 789 1308 sepultus
803 1212 850 1286 est
863 1211 992 1287 noslro.
1014 1221 1019 1239 '
1145 1210 1148 1224 '
1230 1308 1233 1312 ⁸

110 1394 113 1399 ,
233 1327 291 1397 v1.
314 1328 402 1397 Inter
425 1324 499 1397 haec
514 1323 758 1396 Valentiniano
780 1317 1011 1419 magnitudine
1023 1319 1152 1420 quassa·
1238 1369 1244 1385 κ

181 1453 222 1510 to
242 1438 469 1525 morborum,
485 1434 699 1531 agitanteque
714 1452 885 1521 extrema,
900 1426 1072 1508 convivio
1088 1462 1154 1511 oc·

183 1546 329 1622 cultiore
343 1544 547 1633 Gallorum,
561 1544 618 1641 qui
636 1545 775 1615 aderant
789 1544 826 1615 in
836 1544 1041 1617 commilitio
1054 1546 1154 1618 Prin·

113 1684 118 1697 ⁸
183 1656 292 1753 cipis,
312 1658 353 1727 ad
381 1655 560 1751 imperium
579 1652 737 1728 Rusticus
756 1652 907 1750 Iulianus
934 1671 1017 1727 tunc
1043 1659 1154 1755 magi·

184 1767 251 1839 sler
272 1763 444 1837 memoriae
461 1761 787 1861 poscebatur,quafi
806 1761 920 1845 afflatu
935 1763 1086 1858 quodam
1101 1763 1153 1839 su·

184 1874 275 1949 roris
296 1873 476 1944 bestiarum
499 1894 597 1943 more
619 1869 759 1943 humani
777 1868 944 1966 sanguinis
964 1872 1100 1961 avidus,
1114 1891 1155 1947 rrt

64 1970 69 1978 ⁵
107 2034 110 2042 ·
185 1982 389 2070 ostenderat,
397 2006 473 2053 cum
488 1978 724 2077 proconsulari
738 1978 901 2075 potestate
916 1998 1045 2077 regeret
1057 1980 1154 2062 Afri·

185 2120 270 2169 carn.
289 2096 327 2165 In
349 2088 546 2189 praeseslura
564 2090 654 2163 enim
674 2089 823 2179 urbana,
836 2114 937 2187 qnam
958 2093 1155 2181 adhuead«
1187 2117 1191 2122 ·

184 2203 378 2279 ministrans
403 2201 584 2274 exllinslus
606 2201 677 2296 est,
700 2219 833 2298 tempus
854 2227 977 2299 anceps
1001 2224 1158 2294 metuens

112 2386 131 2402 ,
185 2310 401 2412 tyrannidis,
418 2309 513 2407 cujus
527 2311 669 2385 arbitrio
688 2308 845 2410 ianquam
864 2310 953 2385 inter
970 2313 1155 2412 dignorum
1177 2365 1197 2380 ,

176 2404 341 2519 inopiam
358 2423 399 2493 ad
419 2423 454 2493 id
476 2421 668 2495 escenderat
681 2422 843 2519 culmen,
860 2421 943 2494 lenis
965 2410 1156 2499 vidni'co-
1192 2419 1195 2427 ’

187 2532 385 2630 gebatur&
406 2530 557 2603 mollior.
583 2533 716 2603 Contra
738 2528 803 2599 hos
827 2528 1020 2603 nitebantur
1050 2526 1156 2633 aliqui

186 2642 305 2733 studiis
329 2639 505 2712 altioribus
523 2640 558 2710 in
581 2638 738 2714 favorem
762 2631 880 2709 Severi
900 2627 1052 2736 magistri.
1072 2654 1173 2718 runo-

186 2752 340 2851 peditum
357 2768 418 2838 ‚ut
438 2751 508 2849 apti
530 2749 655 2823 adhoc
678 2741 950 2848 impetrandum:
966 2748 1053 2848 quib
1072 2742 1156 2827 licet
1256 2775 1258 2779 ·
1334 2738 1379 2754 ”

187 2864 281 2962 asper
303 2861 383 2935 esset
405 2864 443 2935 δι
466 2852 689 2946 formidatus,
704 2854 919 2961 tolerabilior
933 2874 1046 2929 tamen
1064 2858 1129 2932 suit
1141 2913 1155 2951 ,
1191 2945 1194 2961 ε
1310 2950 1312 2955 .

186 2980 227 3049 δι
247 2966 476 3071 preferendus
490 2967 602 3042 modis
619 2966 780 3042 omnibus
796 2966 974 3069 antedislo.
990 2960 1054 3042 Sed
1073 2968 1155 3044 dum

186 3080 261 3155 haec
279 3080 474 3180 cogitantur
486 3072 872 3177 incallum‚lmperator
892 3076 1049 3147 remediis
1062 3079 1156 3151 mul·
1181 3173 1185 3182 1

188 3184 361 3286 tiplicibus
374 3206 560 3285 recreatus,
575 3186 704 3282 vixque
719 3184 751 3257 se
764 3183 885 3255 mortis
902 3178 1056 3279 periculo
1070 3212 1157 3261 con·

187 3294 355 3394 templans
367 3291 550 3373 extraslum
563 3319 572 3368 t
587 3283 791 3382 Gratianum
805 3282 914 3365 silium
928 3290 1023 3365 suum
1036 3288 1154 3371 adulto

187 3402 254 3502 jam
277 3406 493 3499 proximum,
507 3394 690 3506 insignibus
705 3400 916 3500 principatus
937 3425 1060 3499 ornare
1079 3432 1155 3479 me·

188 3504 365 3589 ditabatur.
376 3513 418 3587 Et
431 3515 553 3611 paratis
567 3506 728 3586 omnibus
740 3564 751 3601 ,
763 3503 936 3608 militeque
945 3509 1100 3605 firmato,
1116 3535 1155 3593 ut

189 3613 309 3697 animis
328 3612 362 3693 id
377 3615 542 3718 acciperet
561 3622 727 3717 promtis,
743 3647 820 3693 curn
832 3614 1024 3711 ‘Gratianus
1039 3610 1154 3697 'venis-

91 3800 96 3815 ,
168 3734 254 3824 set,
272 3724 463 3831 progressus
476 3733 512 3804 in
530 3750 683 3829 campum
698 3724 846 3825 tribunal
859 3728 1007 3807 ascendit
1021 3758 1030 3804 z
1043 3727 1155 3832 splen-¹

233 3840 404 3919 Ammian.
424 3836 602 3923 Marcellia.
614 3848 697 3943 Vol.
712 3836 760 3917 ΙΙ.
996 3835 1031 3914 Η
