2775 4284
463 107 475 164 κ
534 112 538 121 ,

171 246 173 253 '
277 267 349 344 ua
374 243 786 353 cousraiisiuo
809 234 859 339 ia
884 285 981 341 iac,
1014 286 1017 305 =
1045 291 1118 366 301·
1189 268 1203 334 ς

144 423 206 510 esh
225 423 396 522 licinius,
411 425 584 522 desperata
598 424 701 498 maris
723 416 800 521 spe,
814 426 992 522 peir·quod
1007 425 1041 500 se
1062 430 1121 502 vi·

144 534 244 634 derat
263 535 504 624 obfidendum,
517 535 773 608 Chalcedonam
789 561 868 608 cum
885 535 1049 610 thesauris
1063 561 1120 614 ree
1188 535 1192 540 ⁸

143 639 248 738 sugit.
267 641 469 739 Byzantium
492 641 736 734 Constantinus
761 638 916 726 invasit,
938 640 1123 732 vidoriaus
1168 705 1203 759 ,χ
1240 727 1243 732 ,
1275 633 1278 637 ’

143 752 353 826 maritimam
376 751 499 850 Crispo
517 751 749 828 conveniente
769 749 1133 848 cognoscens..Dein·.

145 859 189 933 de
207 862 298 958 apud
311 861 561 960 Chrysopolim
579 861 730 936 Licinius
753 859 987 958 [pugnavit‚]
1009 860 1122 957 ma'xi·

27 995 28 998 ¹
144 985 211 1042 me*
232 971 473 1046 auxiliantibus
498 972 654 1060 Gothis,
674 994 764 1068 quos
792 969 959 1067 Aliquaca
986 969 1123 1066 Regalis
1235 1013 1239 1023 ι

144 1078 358 1179 deduxerat:
379 1081 691 1155 cumiConslantini
709 1104 785 1176 pars
801 1079 946 1154 vincens
960 1101 1047 1150 xxv
1069 1081 1123 1172 M,

40 1246 42 1254 a
144 1209 357 1266 armatorum
379 1193 467 1266 sudit
490 1194 593 1290 partis
614 1190 801 1282 adversae,
814 1191 936 1266 ceteris
960 1191 1123 1290 fugienti-

144 1291 222 1376 bus.
241 1303 359 1378 Postea
374 1330 453 1378 cuni
468 1305 621 1402 legiones
634 1303 849 1377 Constantini
863 1329 924 1400 per
935 1303 1123 1379 Liburnam

144 1411 271 1486 venire
291 1414 450 1488 vidissent
463 1413 650 1510 ,projeslis
665 1410 767 1485 armis
782 1412 813 1486 se
832 1413 1046 1489 dediderunt.
1065 1410 1124 1487 Se·

143 1522 278 1614 quenti
291 1543 405 1596 autem
437 1526 491 1597 die
513 1523 721 1604 Constantia
750 1524 849 1599 soror
874 1526 1122 1616 Constantini,

143 1653 242 1718 ¹tiator
259 1632 416 1724 Licinii,
425 1633 522 1707 venit
539 1635 582 1707 ad
594 1634 700 1710 caslra
718 1634 850 1725 fratris,
866 1637 905 1711 δι
925 1636 1049 1708 marito
1066 1638 1125 1710 vi·

145 1753 218 1814 tani
242 1740 427 1839 poposcit,
447 1741 716 1838 &impetravit
736 1745 785 1817 lta
806 1741 969 1816 Licinius
962 1744 1126 1839 privatus
1217 1834 1220 1845 ¹

146 1845 259 1926 faesus
278 1851 351 1942 est,
371 1854 409 1926 &
433 1851 607 1925 convivio
634 1851 856 1924 Constantini
878 1851 1069 1926 adhibitus:
1085 1856 1126 1934 δι

146 1951 362 2045 Martiniano
393 1959 467 2033 vita
495 1958 651 2032 concessa
675 1959 746 2045 est„
763 1959 827 2030 Sed
862 1961 1017 2035 Herculii
1049 1965 1125 2032 Ma-

146 2066 295 2140 ximiani
315 2065 425 2148 soceri
448 2065 499 2148 sui
519 2087 636 2142 motus
658 2067 842 2170 exemplo,
856 2092 903 2152 ne
925 2068 1048 2142 iterum
1064 2071 1127 2144 de·3

146 2179 297 2274 positam
318 2206 503 2278 purpuram
524 2182 561 2253 iii
582 2181 771 2280 perniciem
793 2182 992 2279 reipublice
1013 2183 1126 2259 sume·

145 2307 231 2406 ret,
251 2291 399 2361 tumultu
425 2291 562 2366 militari
580 2291 831 2414 exigentibus
821 2318 858 2364 m
882 2275 1133 2372 ,Thessalonica

145 2343 243 2500 iussit
264 2397 401 2500 occidi;
418 2399 692 2470 Martinianum
683 2424 719 2469 in
733 2399 978 2495 Cappadocia.
993 2400 1054 2496 qui
1072 2425 1127 2474 re·
1129 2456 1131 2469 .

146 2504 273 2629 gnauit
292 2532 371 2580 ann.
392 2525 483 2596 xlx,
499 2505 573 2598 filio
598 2508 636 2590 δι
657 2530 766 2580 uxore
790 2507 983 2604 superstite:
1004 2537 1128 2608 quam·

146 2615 209 2697 vis
239 2614 439 2690 omnibus
416 2641 496 2716 Jani
524 2615 684 2688 ministris
714 2615 853 2707 nefarias
880 2619 1129 2715 persecutionis
1173 2710 1176 2718 ¹

144 2724 349 2815 ausindis,
362 2725 638 2825 huncquoque,
641 2725 677 2797 in
691 2742 1030 2851 quantumexercere
1044 2734 1128 2823 [poe

23 2922 25 2932 ,
145 2835 263 2936 vtuit,]
277 2836 527 2934 persecutorem
547 2835 649 2934 digna
671 2834 806 2931 punitio
828 2835 1005 2932 flagitaret.
1027 2837 1129 2910 Con-

154 2944 319 3020 stantinus
352 2966 465 3020 autem
501 2970 546 3018 ex
580 2936 751 3044 Byzantio
789 2945 1127 3072 Constantinopolim
1214 3031 1219 3042 ,

145 3053 373 3182 nuncupavit
392 3050 441 3129 ob
462 3055 590 3153 insigne
617 3053 797 3130 vidoriae:
820 3059 926 3153 quam'
951 3055 1047 3128 velut
1068 3083 1129 3153 pa·

78 3189 80 3196 ’
145 3143 256 3244 ¹triam
278 3167 371 3240 cultu
393 3165 597 3240 decoravit
588 3168 741 3264 ingenti,
760 3169 799 3241 &
815 3170 943 3265 ,ttomae
962 3167 1128 3247 desidera,-

96 3310 106 3328 ν
144 3273 210 3382 ‚vit
232 3273 384 3372 aequari:
406 3274 527 3348 deinde
546 3273 737 3370 quesitis
708 3298 739 3345 ei
755 3275 906 3372 undique
921 3274 1056 3351 civibus
1072 3277 1127 3348 di-

146 3355 262 3470 „vitias
294 3382 417 3456 multas
439 3381 576 3504 largitus
602 3381 672 3471 esl,
692 3401 730 3456 ut
750 3406 859 3478 prope
883 3382 920 3454 in
935 3408 984 3455 ea
1006 3409 1128 3459 omnes
1207 3473 1211 3479 ,

158 3490 333 3564 'thesauros
346 3489 485 3588 ,regias
513 3489 687 3563 facultates
718 3489 920 3564 exhauriret.
945 3490 996 3562 lbi
1025 3493 1128 3566 etiam

159 3601 318 3672 Senatum
335 3597 510 3671 constituit
527 3598 667 3672 secundi
689 3597 840 3696 ordinis,
864 3599 987 3672 Claros
1015 3625 1128 3674 voca-

153 3707 226 3794 ,vin
249 3709 387 3787 Deinde
403 3709 579 3830 adversum
592 3708 732 3806 Gothos
755 3707 885 3839 bellum
908 3707 1071 3809 suscepit,
1085 3711 1125 3786 δι
