2775 4284
268 268 338 340 126
428 257 1086 340 nnurtnutttattcenctttr.

266 445 431 500 venturus
450 442 507 496 aut
524 423 692 498 conscios.
708 426 845 518 Quibus
864 424 952 522 saepe
968 423 1085 500 eadem
1101 424 1243 502 iterasti

264 537 375 626 tibus,
396 536 556 609 hasienus
583 537 743 630 perpensa
767 536 1009 610 deliberatione
1032 536 1238 633 respondit,

178 665 180 674 “
264 643 338 722 baec
351 646 386 717 in
397 645 502 733 locis,
513 643 573 716 ubi
589 628 751 718 dicuntur
763 644 918 738 admissa,
928 647 1109 747 querenda
1123 648 1238 719 veris-

263 757 354 828 fimis
375 754 590 828 documentis
614 757 653 828 dt
679 751 894 830 vindicanda
921 752 1081 851 Cumque
1102 755 1235 830 exinde

263 865 481 938 Carnuntum
501 861 703 960 lllyriorum
720 860 889 960 oppidum
908 862 1100 964 introisset,
1114 862 1235 936 deser-t

261 994 336 1050 tum
359 973 496 1072 quidem
518 1001 612 1047 nunc
628 977 666 1049 dt
685 975 860 1072 squalens,
877 974 936 1050 sed
948 964 1081 1049 dudori
1093 972 1233 1048 exerci-

259 1101 318 1158 tus
332 1107 494 1180 perquam
509 1100 766 1177 opportunum,
778 1083 838 1154 ubi
854 1079 928 1155 sors
939 1080 1076 1180 copiam
1090 1081 1233 1156 dedisset

260 1211 319 1267 aut
334 1191 442 1281 ratio,
456 1216 474 1263 e
489 1190 632 1264 statione
644 1191 802 1286 proxima
816 1191 1018 1287 reprimebat
1030 1190 1232 1265 barbaricos

259 1300 439 1396 appetitus.
460 1300 503 1372 Et
521 1323 728 1395 quamquam
749 1300 874 1374 terrori
890 1301 1020 1376 cunslis
1036 1321 1129 1382 erat,
1142 1301 1232 1374 dunt

120 1423 124 1430 ’
177 1441 179 1448 ’
259 1405 456 1502 sperabatur
477 1426 516 1478 ut
538 1431 616 1479 acer
640 1410 677 1480 dt
698 1402 881 1480 vehemens
906 1431 993 1478 mort
1014 1405 1143 1500 judices
1163 1407 1232 1478 da·

258 1517 366 1592 mnari
378 1515 540 1612 jussurus,
552 1539 703 1614 quorum
718 1514 856 1612 pertidia
870 1515 929 1590 vel
941 1515 1123 1591 seceffione
1139 1516 1231 1586 Pan·

257 1628 441 1702 noniarum
460 1627 623 1700 nudatum
636 1625 683 1698 est
698 1626 805 1700 latus:
820 1650 897 1698 cum
911 1625 994 1698 illuc
1007 1623 1165 1711 venisset,
1176 1621 1229 1697 ita

257 1736 421 1834 intepuit,
444 1755 482 1808 ut
505 1760 615 1833 neque
633 1735 669 1808 in
688 1735 830 1811 Gabinii
852 1734 939 1833 regis
957 1734 1144 1831 inquireret
1160 1757 1228 1806 ne-
1363 1792 1364 1795 ,

256 1869 353 1937 cem,
371 1871 482 1945 neque
502 1845 608 1922 inulla
627 1846 825 1942 reipublicae
844 1846 987 1920 vulnera
1005 1867 1079 1943 quo
1095 1842 1229 1928 sinente

254 1961 313 2038 vel
326 1981 445 2058 agente
460 1959 592 2056 segnius
605 1959 810 2050 evenissent,
822 1959 1010 2034 accuratius
1024 1958 1227 2056 vestigaret:

241 2095 299 2168 ‚eo
325 2065 487 2143 videlicet
510 2094 628 2157 more,
649 2095 721 2168 quo
744 2089 815 2144 erat
839 2073 975 2144 severus
1001 2069 1037 2141 in
1062 2065 1227 2166 gregariis

254 2180 489 2276 corrigendis,
513 2179 682 2253 remiffio‘r
707 2204 787 2276 erga
812 2178 958 2273 majores
981 2180 1135 2252 fortunas
1164 2173 1224 2250 vel

254 2289 372 2362 verbis
392 2287 620 2382 asperioribus
632 2288 850 2362 incessendas.
866 2290 987 2362 Solum
1001 2309 1118 2369 tamen
1133 2287 1223 2360 inci·

253 2419 328 2475 tato
345 2399 480 2495 petebat
495 2396 580 2470 odio
594 2397 765 2488 Probum,
779 2423 975 2498 nunquam,
991 2424 1036 2474 ex
1050 2425 1122 2498 quo
1141 2423 1223 2472 eum

254 2511 411 2599 viderat,
433 2504 555 2582 minari
580 2509 734 2582 definens
756 2507 814 2581 vel
833 2507 1034 2585 mitescens:
1059 2505 1155 2602 cujus
1170 2507 1223 2582 rei

252 2621 360 2696 causae
384 2645 448 2693 nec
473 2619 627 2692 obscure
649 2617 809 2706 suerunt,
826 2643 890 2692 nec
915 2618 1020 2694 leves.
1042 2619 1108 2694 Hic
1129 2643 1222 2713 prae·
1357 2674 1358 2691 t

251 2732 411 2810 sessuram
438 2731 608 2829 pratorio
630 2753 714 2804 tunc
737 2728 893 2827 primitus
918 2733 1052 2821 nauus,
1076 2754 1220 2830 eamque

251 2843 369 2916 multis
387 2858 488 2942 atque
502 2839 631 2913 utinam
648 2839 883 2936 probabilibus
899 2839 1012 2917 modis
1023 2841 1059 2915 in
1075 2840 1222 2938 longum

250 2949 405 3051 proferre
430 2948 591 3046 gestiens,
614 2973 688 3021 non
707 2967 745 3020 ut
767 2947 931 3045 prosapiae
953 2946 1020 3025 sua
1046 2943 1217 3022 claritudo

249 3054 427 3146 monebat,
440 3057 518 3153 plus
529 3057 734 3148 adulationi,
749 3084 853 3155 quam
866 3057 1098 3147 verecundiae,
1111 3057 1215 3134 dedit.

104 3224 109 3230 -
186 3223 190 3246 .
249 3167 510 3264 Contemplatus
524 3167 615 3240 enim
630 3168 845 3264 propositum
858 3167 1215 3266 Principls‚quaeren·

113 3325 116 3335 s
248 3280 301 3352 dae
316 3277 467 3372 undique
482 3275 635 3372 pecuniae
655 3277 729 3349 vias
746 3277 870 3375 absque
889 3275 1056 3372 justorum
1071 3276 1215 3374 injusto·

247 3412 392 3482 rumque
412 3386 613 3477 discretione
628 3385 824 3476 scrutantis,
838 3409 1004 3462 errantem
1021 3380 1094 3460 no'n
1112 3386 1214 3461 redu·

207 3502 211 3511 ’
247 3499 347 3574 cebat
363 3498 406 3570 ad
425 3495 592 3594 equitatis
613 3496 804 3588 tramitem,
818 3516 856 3571 ut
875 3498 962 3595 sape
980 3500 1212 3572 moderatores

248 3607 360 3682 secere
379 3606 574 3703 tranquilli:
590 3605 644 3678 sed
659 3604 728 3702 ipse
741 3632 882 3706 quoque
894 3608 1078 3683 flexibilem
1094 3609 1210 3706 seque·

246 3719 344 3794 batur
356 3737 457 3819 atque
469 3715 708 3796 transversum.
727 3721 829 3794 Unde
842 3745 963 3820 graves
977 3718 1210 3798 obedientium
