2775 4284
277 262 350 357 mo
559 252 980 355 Exceurrh

275 419 390 524 coniis
404 418 635 517 pratuliffent.
650 414 947 514 Respondentibus
963 415 1178 505 Odoacrem,
1190 412 1253 490 in-

274 532 372 631 quit,
396 530 458 629 qui
479 529 568 603 dixit
591 530 658 617 eis,
683 532 775 600 lutet
792 528 954 601 tredecim
976 530 1014 601 δι
1036 526 1254 623 quatuorde-

216 658 224 676 '
248 638 677 725 ,·cim:annosvide1icet
698 637 824 735 integri
841 634 915 731 ejus
936 635 1030 735 regni
1044 630 1252 733 significans.
1322 672 1325 679 v

273 752 374 823 Zeno
386 749 501 845 itaque
514 742 777 843 recompensans
790 742 962 817 beneficiis
974 742 1251 836 Theodericum,

234 845 239 863 ⁸
273 858 379 959 quem
392 858 474 931 fecit
487 857 670 930 Patricium
688 858 728 930 &
739 854 942 944 Consulem,
958 854 1090 927 donans
1104 851 1136 925 ei
1155 855 1252 931 mule
1338 876 1339 905 l

274 989 370 1059 tum,
389 970 428 1042 δι
446 966 585 1039 mittens
601 990 680 1039 eum
702 966 745 1039 ad
763 962 904 1041 ltaliam.
925 963 992 1037 Cui
1010 960 1250 1037 Theodericus

271 1083 448 1184 paduanus
473 1078 542 1171 est,
565 1080 665 1169 ut,fi
682 1079 793 1152 vinus
817 1078 927 1151 lulllet
952 1076 1157 1165 Odoachar,
1178 1101 1249 1172 pro

273 1193 402 1267 merito
416 1192 575 1263 laborum
592 1190 732 1263 suorum
744 1190 828 1264 loco
843 1188 934 1283 ejus,
946 1189 1028 1259 dum
1044 1186 1250 1277 adveniret,

272 1320 408 1377 tantum
423 1316 662 1397 praeregnaret.
680 1302 777 1399 Ergo
801 1297 1062 1396 superveniente
1079 1297 1249 1371 Theode-

272 1413 351 1487 rico
364 1410 513 1486 Patricio
525 1411 567 1484 de
589 1410 731 1487 civitate
742 1410 854 1485 -No'va
867 1436 945 1484 cum
961 1412 1247 1509 genteGothica,

270 1520 388 1597 miuus
401 1520 447 1618 ab
470 1523 678 1617 Imperatore
700 1522 841 1593 Zenone
860 1520 903 1593 de
921 1518 1072 1618 partibus
1091 1518 1249 1595 Orientis

268 1634 316 1706 'ad
330 1630 576 1705 defendendam
592 1630 656 1704 fibi
676 1632 816 1705 ltaliam.
836 1630 904 1706 Cui
918 1630 1071 1705 occurrit
1089 1632 1248 1707 venienti

269 1743 460 1818 Odoachar
475 1743 520 1817 ad
531 1740 679 1815 fluvium
693 1743 851 1817 Sontium
861 1798 872 1832 ,
883 1743 922 1816 δι
933 1740 980 1819 ibi
993 1766 1150 1841 pugnans
1166 1769 1248 1817 cum

161 1898 167 1917 ·
272 1854 399 1928 eodem
412 1906 424 1944 ,
437 1851 547 1927 vidus
560 1851 660 1951 fugit.
680 1859 729 1928 At
742 1878 829 1929 vero
842 1856 1005 1928 Odoacar
1023 1852 1107 1926 abiit
1123 1854 1161 1927 in
1175 1862 1250 1928 Ve-

271 1990 416 2054 ronam,
440 1968 479 2040 &
499 1963 576 2039 lixit
598 1964 757 2040 foliatum
776 1966 812 2038 in
829 1990 953 2063 campo
976 1965 1109 2039 minore
1131 1970 1249 2040 Vero·

173 2130 176 2135 ·
272 2074 376 2150 nense
398 2097 427 2153 v
449 2075 622 2150 Kalendas
643 2076 819 2153 Odobris.
845 2076 962 2175 Ibique
983 2075 1180 2175 persecutus
1200 2077 1249 2152 est
1341 2150 1342 2171 ,

271 2208 355 2259 eum
371 2182 625 2269 Theodericus,
642 2185 681 2257 δι
701 2209 816 2283 pugna
836 2184 945 2273 faeta,
966 2184 1163 2261 ceciderunt
1179 2215 1248 2286 po·

272 2294 348 2391 puli
369 2293 413 2365 ab
432 2309 574 2387 utraque
594 2308 689 2387 parte
705 2320 715 2364 ε
734 2310 847 2366 tamen
869 2294 1037 2393 superatus
1058 2299 1247 2373 Odoachar

230 2466 234 2469 ,
274 2404 362 2503 fingit
376 2405 579 2477 Ravennam
599 2401 710 2498 pridie
729 2404 901 2478 Kalendas
916 2407 1088 2481 Oblohris.
1108 2412 1152 2481 Et
1169 2435 1247 2507 per·

272 2512 465 2591 ambulavit
487 2512 724 2588 Theodericus
745 2516 908 2589 Patricius
935 2518 1191 2611 Mediolanum,
1210 2520 1248 2596 bc

274 2626 488 2703 tradiderunt
500 2623 533 2696 se
551 2622 602 2695 illi
619 2625 766 2699 maxima
781 2650 854 2722 pars
873 2627 1044 2702 exercitus
1056 2630 1246 2722 Odoacris,

274 2763 341 2812 nec
364 2760 439 2809 non
459 2737 500 2808 bt
517 2731 608 2805 Tufa
629 2733 784 2829 magister
799 2734 966 2825 militum,
982 2760 1083 2834 quem
1106 2739 1248 2811 ordina·

274 2865 373 2921 verat
381 2844 565 2944 Odoachar
576 2866 655 2914 cum
671 2842 893 2937 optimatibus
908 2842 972 2915 suis
988 2844 1133 2919 Kalend.
1145 2846 1249 2944 Apri-

172 2981 176 2991 *
271 2958 326 3029 lis.
352 2960 406 3027 Eo
435 2976 528 3055 anno
550 2951 666 3025 miffus
685 2951 737 3023 ell
762 2952 851 3023 Tufa
877 2952 1033 3049 magister
1056 2940 1250 3030 milituma

250 3060 253 3068 ⁸
272 3065 495 3138 Theoderico
509 3081 632 3134 contra
649 3062 846 3135 Odoacrem
861 3064 1075 3139 Ravennam.
1094 3065 1250 3139 Veniens

273 3172 439 3250 Faventia
462 3170 575 3260 Tufa,
596 3170 728 3243 obsedit
746 3172 941 3245 Odoacrem
965 3196 1045 3245 cum
1070 3170 1249 3263 exercitu,

272 3311 352 3361 cum
361 3309 434 3382 quo
455 3282 602 3355 direclus
616 3280 749 3367 fuerat3
762 3284 801 3354 δι
815 3282 902 3354 exiit
913 3282 1104 3354 Odoachar
1117 3282 1159 3353 de
1171 3283 1248 3355 Ra·

269 3422 405 3484 venna,
420 3396 459 3469 δι
475 3391 573 3465 venit
586 3391 803 3482 Faventiam,
817 3394 856 3465 δε
867 3390 959 3463 Tufa
970 3389 1109 3463 tradidit
1121 3390 1250 3465 Odoa-

272 3506 325 3581 cri
349 3505 505 3578 Comites
530 3500 666 3575 Patricii
689 3502 917 3603 Theoderici,
936 3504 977 3575 δι
1000 3500 1086 3573 miffi
1108 3500 1183 3573 sunt
1209 3504 1251 3576 in

272 3618 385 3703 ferro,
398 3616 436 3688 δι
446 3612 577 3685 αάἀιιᾶἰ
593 3607 974 3685 ΒενεηηᾱιηζῬΛυετο
989 3630 1034 3681 ET
1044 3610 1251 3682 LoNGmo.

145 3816 154 3831 l
269 3728 338 3813 flis
351 3724 547 3805 consulibus
560 3724 749 3809 Odoachar
760 3748 825 3809 ,sex
840 3722 924 3801 exiit
941 3724 983 3799 dc
996 3724 1187 3815 Cremona,
1205 3722 1250 3797 &
