2775 4284
311 266 478 362 uenum
498 243 759 340 nesrtru'u
785 268 861 341 uu
886 269 1019 345 xxrv.
1093 288 1141 370 ἰς

177 421 434 522 vevagari-fustus
462 425 692 523 permisenmt.
714 428 828 523 ltaque
852 426 958 500 humo
980 427 1047 500 late
1076 425 1141 500 da·

178 554 326 633 gutture,
350 537 457 617 altero
480 537 535 615 die
549 535 659 614 ,militi
687 537 803 634 requie
829 537 933 625 data,
955 543 1142 633 Imperator

176 647 247 744 ipse
262 642 475 746 p'raegreffuS,
489 648 665 720 constratis
679 648 863 745 ponticulis
875 649 989 722 multis
1001 673 1043 721 ex
1053 647 1141 720 utri·

175 756 264 847 bus‚‘
274 760 311 831 δι
326 758 490 831 coriaceis
504 757 672 845 navibus,
687 757 876 856 itidemqrie
886 757 1050 832 consedis
1065 758 1140 853 pal·

176 893 307 940 marum
334 868 485 939 trabibus
499 906 517 957 ,ι
535 867 722 941 exercitum
746 893 818 940 non
843 869 911 941 fine
941 868 1141 941 difficultate

176 976 338 1050 traduxit.
362 981 399 1049 In
422 975 473 1051 his
492 976 686 1074 regionibus
706 975 775 1074 agri
794 977 871 1050 sunt
885 978 1000 1073 plures
1017 976 1141 1051 coufiri

86 1123 89 1128 ¹
177 1085 848 1187 vineis‚varipquepomorumgenerer'
865 1089 1141 1178 ubioririarbo-
1180 1121 1183 1125 ¹

176 1218 230 1266 res
256 1195 389 1270 affuetae
419 1197 606 1296 palmarum
622 1249 633 1284 ,
652 1222 715 1294 per
737 1196 841 1294 spatia
861 1198 970 1293 ampla
994 1196 1140 1294 adusque

177 1302 346 1376 Mesenem
367 1307 405 1380 &
421 1331 513 1376 mare
527 1303 697 1402 pertinent
713 1332 870 1406 magnum
885 1359 897 1394 ‚
912 1304 1014 1378 inflat
1026 1305 1142 1403 iugen-

175 1415 261 1488 tium
278 1441 467 1492 nemorum.
482 1420 525 1489 Et
537 1443 673 1516 quaqua
685 1417 853 1490 incefferit
866 1416 1041 1515 quisquam
1054 1468 1065 1505 ,
1077 1433 1142 1488 ter·

175 1526 275 1604 mites
297 1527 335 1600 &
356 1525 488 1622 spadica'
509 1527 617 1601 cernit
638 1528 787 1618 pffidua,
808 1552 956 1622 quorum
969 1551 1012 1598 ex
1029 1524 1140 1615 fructu
1187 1523 1190 1533 “

176 1635 286 1708 mellis
308 1639 346 1710 δι
373 1637 449 1708 vini
472 1637 655 1711 conficitur
677 1637 904 1710 abundantia:
924 1637 963 1709 dt
991 1635 1141 1707 maritari

175 1743 298 1837 palmae
321 1733 405 1838 ipsae‘
421 1746 578 1820 dicuntur
593 1801 604 1837 ‚
617 1746 784 1842 facileque
801 1747 898 1818 sexus
913 1746 1005 1840 posse
1018 1743 1141 1818 discet-

177 1849 230 1920 ni.·
242 1841 387 1922 Additur
402 1852 502 1952 etiam
515 1907 525 1940 ‚
540 1881 698 1950 generare
718 1855 858 1927 feminas
877 1854 1057 1926 seminibus
1070 1854 1141 1924 itti·
1208 1880 1211 1892 ·

177 1973 229 2028 tas
243 1957 404 2048 matium,
419 1959 614 2055 feruntque,
629 1985 683 2033 eas
701 1985 818 2032 amore
830 1977 950 2029 mutuo
966 1958 1141 2030 deledari:
1159 2046 1160 2049 Ἴ
1223 1996 1227 2005 x

176 2062 314 2160 hocque
336 2065 415 2139 inde
435 2067 561 2144 clarere
575 2121 586 2157 ,
602 2071 697 2164 quod
717 2086 844 2141 contra,
855 2068 887 2138 se
914 2065 1057 2137 viciffim
1075 2091 1144 2137 uu·

175 2191 311 2263 rantes,
335 2199 385 2264 ne·
398 2173 539 2272 turgidis
561 2176 696 2274 quidem
716 2176 851 2249 flatibus
875 2193 1086 2248 avertuntur.
1100 2179 1154 2251 Et.

175 2281 264 2356 fiex
287 2309 385 2355 more
405 2284 530 2357 femina
555 2285 656 2358 maris
673 2309 747 2358 non
763 2285 854 2380 illita
877 2283 977 2356 fuerit
992 2283 1142 2371 semine,

176 2393 314 2466 abortus
328 2393 422 2466 ‹vitio
436 2393 541 2466 foetus
556 2392 683 2466 emittit
695 2391 968 2488 intempestivos.⁴
977 2394 1019 2463 Et
1033 2393 1057 2464 sr
1072 2419 1142 2490 qua
1162 2377 1166 2396 ι

176 2499 302 2575 femina
321 2503 416 2599 cujus
430 2503 560 2576 arboris
586 2527 703 2573 amore
713 2499 873 2596 ‘perculsa
886 2499 930 2580 ,stt
944 2500 1140 2596 ignoretur,
1252 2566 1257 2573 ,

176 2625 353 2704 unguento
373 2607 474 2704 ipsrus
491 2605 640 2679 inficitur
654 2623 815 2694 truncus,
835 2610 872 2679 δι
889 2605 991 2676 arbor
1001 2607 1065 2677 alia
1078 2634 1141 2679 na·

177 2716 328 2788 ruraliter
347 2717 465 2789 odoris
482 2715 696 2790 dulcedinem
713 2714 891 2812 concipit:
915 2712 1031 2808 hisque
1051 2713 1141 2786 indi·

178 2823 264 2913 ciis,
287 2827 382 2899 velut
405 2825 552 2898 coeundi
578 2825 731 2921 quaedam
756 2823 912 2921 proditur
944 2820 1036 2897 fides.
1059 2825 1140 2917 Qua

178 2935 247 3008 cibi
270 2937 378 3032 copia
391 2935 480 3008 satur
502 2934 668 3008 exercitus
679 2990 691 3023 ,
708 2933 820 3030 plures
837 2932 1140 3030 praetergreffusest

176 3047 319 3124 insulas:
333 3052 371 3133 δε
385 3051 444 3130 ubi
461 3047 703 3124 formidabatur
719 3049 857 3145 inopia,
872 3049 919 3121 ibi
933 3049 1038 3123 timor
1051 3048 1137 3146 sagi·
1154 3060 1156 3063 ’

70 3249 73 3257 ¹
176 3183 230 3230 ttae
243 3159 356 3254 gravis
373 3159 509 3233 incedit.
532 3159 787 3255 Sagittariorum
805 3156 951 3254 denique
962 3155 1135 3229 hostilium

175 3265 307 3362 impetu
327 3269 444 3341 latenti
462 3287 629 3354 tentatus,
651 3292 762 3362 neque
784 3266 933 3353 inultus,
955 3252 1061 3362 prope
1079 3267 1137 3337 lo-

180 3398 259 3446 cum
282 3379 376 3450 venit
389 3431 400 3466 ‚
414 3380 474 3451 ubi
495 3403 569 3473 pars
586 3375 696 3470 major
712 3376 892 3470 Euphratis
906 3376 942 3447 in
963 3375 1058 3450 rivos
1081 3374 1139 3452 dis

178 3483 309 3557 viditur
342 3485 536 3560 multifidos.
607 3567 611 3584 p
879 3555 882 3559 .

222 3593 339 3662 v1V.1n
362 3593 429 3664 hoc
447 3595 555 3666 rradu
579 3590 701 3664 civitas
716 3592 787 3682 ‚ob
802 3617 918 3664 murus
931 3591 1136 3664 humilesab

177 3699 301 3778 incolis
313 3701 433 3776 Judaeis
443 3701 586 3788 deserta,
602 3701 769 3774 iratorum
779 3727 882 3776 manu
894 3700 1037 3776 militum
1049 3719 1136 3791 corn,
