2775 4284
215 183 227 192 ι

238 233 335 309 pa
510 143 1035 296 EXCERPlA·r

147 385 148 389 ’
234 369 426 476 Hypatium
442 403 451 450 ε
467 377 643 488 ¹cogitans,
664 377 764 472 quem
788 369 930 473 de'ipsrs-
939 377 1065 451 faceret
1074 322 1209 476 ‘polllse
1272 458 1281 469 s

172 528 174 538 v
235 494 501 586 Imperatorem,
516 493 658 590 quadam
673 491 727 564 die
746 491 836 586 juffit
852 517 918 564 eos
934 491 1046 565 secum
1060 493 1208 587 prande·

204 607 218 628 “
235 626 273 676 re
284 655 296 688 ,
311 603 350 672 &
372 601 458 673 in'tra
479 601 639 698 palatium
662 601 738 697 poll
756 586 933 698 prandium
951 601 1141 690 meridiari,
1164 606 1208 679 dc

147 743 149 752 ·
168 767 172 780 .
234 712 364 808 singula
378 713 459 784 leda
476 713 522 784 eis
537 712 648 786 lierni.
672 712 767 807 Elin
783 704 1068 814 uno‘ledlojulsqt
1086 714 1128 786 ad
1145 739 1206 785 ca·

165 891 167 896 ,
191 861 194 878 ›
215 821 307 919 'pire
327 845 467 918 regnum
491 820 596 916 poni,
618 823 655 896 δι
675 822 752 918 quis
772 823 812 893 de
828 821 956 919 ipsas-in
970 818 1091 893 eodem
1116 821 1206 892 lello

236 927 381 1026 elegiffet
400 927 551 1000 dormire
571 928 606 1000 in
628 929 698 1002 hoc
716 928 748 1000 se
768 929 889 1022 debere
910 927 1135 1026 cognoscere,
1150 927 1205 1002 cui

110 1033 125 1142 L
171 1061 178 1076 ·
237 1065 378 1134 regnum
397 1039 680 1135 pallea-traderet.
696 1045 796 1122 ,Unus
813 1034 951 1138 quidem
965 1041 1003 1114 in
1024 1044 1206 1128 unoledlo

201 1165 203 1170 ’
237 1149 270 1222 se
283 1147 421 1245 jactavit
434 1203 444 1235 ,
459 1149 529 1221 duo
542 1149 632 1222 enim
651 1151 685 1221 in
702 1149 771 1222 alio
785 1153 901 1224 amore
920 1151 1072 1226 fraterno
1087 1153 1120 1224 se
1134 1153 1207 1225 col·

238 1243 462 1335 locaverunt
481 1263 521 1332 Et
546 1262 591 1332 ita
617 1261 783 1360 contigit,
810 1282 847 1334 ut
866 1262 903 1335 in
928 1264 990 1335 illo
1014 1265 1124 1354 ledo,
1148 1262 1208 1336 ubi

237 1397 379 1471 regnum
394 1372 540 1470 positum
554 1389 643 1459 erat,
656 1372 772 1446 nullus
784 1391 906 1446 eorum
925 1370 1100 1448 dormiret.
1113 1377 1207 1447 Dum

238 1485 315 1558 haee
336 1482 489 1566 vidillet,
504 1481 612 1593 cpepit
632 1481 783 1580 cogitare
805 1482 892 1556 intra
913 1484 1001 1558 se'&
1017 1484 1209 1574 dicere‚eo

239 1591 335 1690 quod
358 1590 470 1662 nullus
488 1614 609 1662 eorum
627 1604 806 1688 regnaret:
830 1592 938 1686 coepir
953 1617 1052 1664 orare
1072 1593 1211 1679 Deum,
1250 1680 1253 1684 ¹

200 1775 202 1781 Α
240 1700 349 1776 ut'illi
370 1701 538 1775 revelatio
556 1701 673 1791 fieret,
686 1721 723 1774 ut
739 1702 822 1776 scire
833 1703 952 1801 poffit,
967 1706 1046 1776 dum
1062 1704 1211 1776 advive-

239 1812 379 1909 ret,·qui
401 1812 475 1908 poll
493 1796 649 1886 occalurn
667 1811 740 1906 ejus
754 1839 895 1910 regnum
916 1814 1106 1911 susciperet.
1127 1814 1212 1886 Haec

144 1945 147 1952 ’
239 1925 362 1998 eodem
383 1925 554 2022 cogitante
581 1925 618 1998 δι
640 1943 760 2001 orante
783 1950 862 1997 cum
888 1923 1043 2021 jejunio,
1067 1926 1212 2024 quadam

128 2108 131 2123 ,
241 2033 344 2104 node
364 2031 450 2103 vidit
468 2031 643 2102 hominem
656 2086 667 2118 ,
682 2032 742 2130 qui
756 2031 803 2118 ita
820 2059 896 2106 eum
914 2035 1091 2109 admonuit
1105 2059 1114 2104 ε
1127 2036 1213 2107 Cra·

240 2139 332 2213 stino
344 2140 402 2236 qui
417 2140 477 2211 tihi
496 2141 624 2236 primus
638 2141 726 2214 intra
739 2140 936 2214 cubiculum
950 2144 1122 2216 nuntiatus
1137 2142 1212 2214 fue·

240 2251 307 2339 rit,
323 2250 391 2345 ipse
415 2249 558 2344 accipiet
580 2249 655 2344 post
675 2271 707 2320 te
726 2270 998 2348 regnumtuum.
1006 2248 1012 2295 ’·
1020 2255 1068 2324 lta
1085 2251 1210 2324 fadum

239 2361 288 2456 est
300 2376 311 2450 3
325 2379 362 2431 nt
376 2358 541 2445 lustinus,
561 2361 620 2456 qui
635 2385 750 2435 comes
766 2383 839 2434 erat
852 2362 1113 2449 excubitorum,
1130 2364 1211 2436 dum

240 2471 428 2545 advenillet
455 2472 515 2543 ubi
541 2473 685 2546 diredlus
706 2473 815 2544 fuerat
837 2475 879 2545 ab
903 2477 1132 2570 Imperatore,
1155 2499 1211 2546 re·
1234 2532 1236 2541 .

193 2638 194 2648 ,
240 2583 430 2656 nuntiaret:
447 2581 516 2677 ipse
537 2583 569 2654 ei
593 2583 768 2658 nuntiatus
784 2585 831 2656 est
851 2583 979 2681 primus
996 2610 1056 2681 per
1076 2611 1211 2682 ptaepo-

241 2692 340 2767 suum
369 2691 529 2766 cubiculi.
555 2692 713 2790 Cumque
737 2695 810 2768 haec
839 2694 1076 2793 cognoviffet‚
1104 2697 1213 2793 eoepit

141 2841 144 2883 ι,
168 2794 171 2804 ’
241 2803 364 2900 gratias
381 2805 474 2887 Deo·
498 2799 645 2891 referre,
664 2804 731 2900 ¹qui
753 2804 784 2875 ei
812 2804 969 2902 dignatus
988 2797 1035 2877 ell
1054 2806 1213 2877 ‘revelate
1292 2882 1299 2900 ,

219 2961 221 2966 -
240 2911 475 2986 successorem.
502 2914 659 3010 Cumque
673 2915 747 2985 haec
762 2916 852 3010 apud
867 2913 900 2986 se
913 2915 1014 2988 tacite
1027 2916 1212 3002 babuiffet,

242 3023 393 3122 quodam
409 3023 462 3096 di'e
476 3025 666 3118 procedens
680 3027 885 3122 Imperator,
899 3026 980 3098 dum
991 3026 1128 3102 fellinus
1140 3024 1212 3100 vel·
1253 3004 1257 3017 ¹
1320 3124 1323 3128 ι

242 3135 289 3208 let
301 3161 319 3207 a
333 3136 434 3208 latere
446 3137 664 3234 Imperatoris
679 3139 828 3229 transire,
841 3137 1040 3235 obsequium
1053 3135 1215 3211 ordinare

243 3245 394 3337 vellens,
415 3247 560 3320 calcavit
574 3244 810 3346 ‘chlamydem‘
822 3251 1057 3346 lmperatorist
1072 3250 1127 3323 cui
1147 3252 1216 3320 lm·

241 3381 380 3458 perator
394 3361 463 3435 hoc
484 3380 615 3436 tantum
637 3361 743 3434 dixit:
761 3361 857 3454 Quid
880 3362 1033 3434 fellinas?
1051 3353 1137 3434 Nam
1155 3359 1215 3432 ul-

243 3471 327 3544 tima
343 3472 414 3546 vita
431 3473 527 3570 regni
549 3472 598 3544 sui
616 3490 782 3567 temptans
799 3495 874 3544 eum
898 3471 1215 3560 diabolus,v01ens

244 3581 363 3654 ledam
393 3581 639 3676 Eunomianam
664 3580 758 3690 sequi
779 3609 788 3652 r
813 3605 915 3678 quem
933 3583 1082 3680 populus
1107 3579 1239 3669 fidelis,

247 3689 418 3793 repreffit,
434 3689 480 3764 ita
497 3708 535 3766 ut
553 3691 585 3766 ei
598 3689 635 3765 in
651 3691 799 3769 Ecclefia
814 3691 1036 3791 clamaretur:
1051 3688 1222 3768 lnTtiniu
