2775 4284
272 239 340 314 268
432 240 679 314 Autttattt
712 237 1062 310 Mtucutttut
1096 259 1101 309 :

268 424 334 496 que
356 398 472 496 militis
492 426 563 474 non
585 401 740 498 ignarus,
758 397 926 495 id,‘quod
952 396 1137 494 cogitatum
1160 396 1238 486 ett,·

231 504 234 512 ’
267 508 471 606 suspicatus,
490 512 547 582 vel
561 510 820 604 exploratorum
830 507 994 580 relatione
1005 560 1016 595 ,
1027 529 1114 604 quos
1128 505 1236 578 mise·

268 639 338 709 rat,
352 640 463 716 aperte
481 620 676 708 insirudus,
694 645 755 714 per
768 619 940 693 montium
954 618 1040 692 celsa
1051 617 1234 692 silvarum·

266 751 333 825 que
355 730 530 802 denfitates
553 730 595 801 ad
615 729 790 827 lllyricum
806 728 917 817 redit,
933 728 1063 800 etesius
1083 725 1229 825 prospe·

266 837 363 913 ritate
382 837 507 927 nimia,
529 865 630 937 quam
650 839 682 912 ei
702 839 774 910 sors
790 837 935 927 obtulit,
958 836 1133 935 insperata.
1155 840 1231 910 lle-5

267 948 435 1042 pedandd
450 948 555 1032 enim,
581 948 871 1047 congregatosque
893 948 930 1022 in
958 971 1087 1021 cuneos
1110 945 1230 1019 sensim

267 1056 505 1151 progrediens,
515 1059 714 1132 Gothorum
725 1059 921 1154 optimatem
930 1056 1134 1129 Farnobium
1148 1079 1230 1129 cum

268 1163 456 1238 vastatoriis
470 1165 580 1264 globis
595 1185 774 1266 vagantem
788 1164 943 1240 licentius
955 1163 1230 1262 occupavit,du·

268 1291 469 1373 ceutemque
480 1275 647 1366 Taifalos,
661 1301 768 1373 nuper
781 1277 818 1348 in
830 1277 1024 1351 societatem
1036 1275 1232 1348 adhibitosa

266 1387 347 1482 qui,
367 1389 390 1459 st
407 1389 545 1486 dignum
566 1391 613 1462 esl
626 1392 717 1479 dici,
736 1391 858 1464 noslris
870 1392 1064 1489 ignotarum
1077 1389 1229 1487 gentium

267 1517 398 1570 terrore
421 1500 591 1597 dispersis,
614 1502 771 1574 tranfiere
789 1501 915 1573 flumen
936 1499 1101 1596 direpturi
1119 1521 1229 1572 vacua

267 1607 499 1681 defensoribus
511 1610 598 1682 loca.
612 1611 740 1682 Eorum
753 1611 899 1684 catervis
917 1609 1029 1683 subito
1041 1608 1136 1692 visu,
1152 1633 1231 1680 cet·

268 1735 339 1789 tare
365 1719 521 1792 cominus
545 1722 612 1792 dux
633 1720 835 1795 cautissimus
858 1746 999 1817 parans,
1023 1717 1232 1813 adortusque

268 1826 417 1901 nationis
443 1828 615 1927 utriusque
641 1831 836 1928 grallatores
862 1830 1028 1904 minantes
1051 1830 1231 1909 etiamtum

268 1939 406 2030 acerba,
427 1943 616 2018 trucidasset
631 1969 750 2018 omnes
767 1947 811 2018 ad
826 1971 933 2018 unum
946 1997 959 2030 ,
974 1963 1012 2016 ut
1028 1968 1071 2014 ne
1090 1942 1231 2013 nuntius

264 2050 406 2146 quidem
427 2053 530 2126 cladis
552 2055 628 2150 post
650 2075 843 2152 appareret,
866 2057 901 2129 ni
916 2081 994 2129 cum
1018 2054 1092 2128 aliis
1114 2051 1233 2124 multis

267 2181 424 2257 peremto
455 2167 649 2253 Farnobio,
671 2169 856 2239 metuendo
884 2169 1024 2239 antehac
1052 2161 1232 2237 incensore

268 2271 461 2358 turbatum,
488 2273 689 2369 obtestatus,
702 2299 801 2370 prece
830 2274 980 2371 impensa
1005 2271 1230 2371 superstitibus

267 2378 486 2474 pepercisset:
505 2380 680 2482 vivosque
703 2407 822 2457 omnes
845 2385 936 2459 circa
955 2385 1146 2471 Mutinam,
1161 2382 1231 2453 Re·

267 2488 429 2589 giumque
445 2492 485 2565 δι
505 2494 658 2566 Parmam
681 2496 798 2571 Italica
812 2498 961 2595 oppida,
979 2521 1057 2568 rura
1077 2491 1230 2566 culturos

267 2607 518 2682 exterminavit.
540 2609 638 2682 Hanc
657 2609 870 2684 Taifalorum
889 2625 1025 2709 'gentem
1042 2626 1175 2704 turpem
1192 2631 1231 2679 ac

268 2712 444 2787 obscoenae
464 2717 546 2789 vitae
570 2716 706 2816 flagitiis
723 2720 771 2794 ita
795 2721 987 2816 accepimus
1010 2721 1170 2808 mersam,
1194 2739 1231 2789 ut

267 2826 357 2918 apud
388 2827 448 2898 e'os
474 2826 611 2900 nefandi
637 2829 840 2904 concubitus
867 2831 999 2903 foedere
1026 2813 1231 2926 copulentur

265 2932 416 3004 maribus
433 2935 595 3029 pttberes;
610 2939 714 3011 aetatis
729 2932 938 3012 viriditatem
957 2939 993 3009 in
1012 2963 1133 3010 eorum
1151 2935 1230 3032 pol·

151 3035 156 3046 ’
268 3037 348 3112 lutis
369 3042 480 3115 usibus
507 3045 726 3120 consumturi.
748 3049 859 3120 Porro
883 3048 908 3120 st
930 3041 993 3144 ‘qui
1015 3046 1081 3141 iam
1099 3043 1229 3116 adultus

165 3217 172 3226 .
269 3173 388 3244 aprum
408 3154 580 3248 exceperit
598 3155 687 3229 solus
700 3211 712 3242 ,
725 3157 783 3230 vel
800 3157 1009 3229 interemerit
1027 3156 1143 3229 ursum
1162 3154 1228 3226 int-

267 3281 420 3347 manem‚
435 3261 639 3336 colluvione
659 3264 821 3338 liberatur
837 3264 966 3340 incesli.
1078 3303 1081 3310 ·
1103 3297 1108 3310 ·

316 3369 362 3440 X.
387 3373 470 3444 Haec
496 3391 662 3446 autumno
685 3393 849 3474 vergente
874 3377 912 3448 in
934 3377 1081 3449 hiemem
1108 3370 1230 3446 funesti

267 3503 328 3576 per
345 3482 509 3556 Thracias
531 3484 682 3558 turbines
704 3488 984 3560 convertebant:
1003 3513 1080 3585 quae
1099 3502 1231 3581 tempo·

189 3607 191 3614 ’
268 3614 344 3661 rum
363 3589 495 3679 rabies,
519 3595 616 3668 velut
635 3599 756 3670 cunila
773 3597 941 3672 cientibus
961 3595 1093 3685 Furiis,
1111 3595 1154 3666 ad
1177 3615 1229 3663 re·

267 3697 386 3797 giones
408 3727 547 3799 quoque
571 3705 774 3805 longinquas
793 3707 1012 3807 progrediens
1034 3707 1098 3780 late
1119 3702 1230 3800 serpe·
