2775 4284
241 275 285 346 ἠ
407 271 661 346 ΑΜΜΙΑΝΙ
685 270 1044 344 MARCELLINI

241 433 320 500 betta
334 431 542 528 graviffima‚
565 435 668 527 gloria
685 439 855 524 locupletes.
872 433 950 502 Hac
975 435 1066 502 nobis
1086 429 1201 504 eurtc‘la

238 562 384 633 poterunt
401 543 576 628 abundare,
587 541 626 640 st
638 543 851 634 imperterriti,
865 546 939 612 Deo
955 569 1080 634 meque,
1094 569 1204 633 quam

239 669 304 716 tum
326 649 466 720 bumana
480 653 559 720 ratio
576 655 723 742 patirur,
737 674 824 722 eante
837 650 998 736 deflorate,
1012 654 1122 722 mitius
1135 678 1203 746 ege·
1258 711 1264 716 .

239 757 310 826 ritis
330 782 343 826 .·
355 758 414 857 stre
436 758 594 860 refislitis,
620 763 666 829 ad
680 761 879 853 seditionum
904 760 1034 830 revoluti
1054 763 1205 831 dedecoro

232 869 457 970 pristinarum,
475 873 601 963 pergite.
620 873 670 939 Ue
692 872 902 962 imperatorem
915 872 1016 955 decet,
1028 869 1201 964 egofhlus,

233 977 372 1068 ‘tonseiio
385 1002 544 1050 tantorum
556 1008 716 1051 munerum
728 981 836 1071 rufio,
854 975 1091 1082 moriorslaodo
1101 1031 1114 1068 ,
1125 969 1214 1050 corr-i

135 1145 145 1166 ,
228 1102 388 1160 ,ππιιιπιε
408 1092 578 1179 animam,
601 1117 694 1182 quam
720 1091 802 1160 milii
822 1087 977 1178 febricula
1000 1093 1105 1181 eripiet
1124 1113 1205 1161 una.

238 1203 312 1268 Aut
323 1220 395 1267 certe
421 1197 601 1289 discedam:
627 1225 681 1268 rtet
701 1201 784 1268 enim
797 1203 845 1268 ita
857 1201 930 1268 rixi
940 1182 1001 1285 ²'ut
1013 1225 1078 1268 reon
1086 1196 1203 1293 pofflm

238 1309 412 1396 aliquando
428 1303 484 1402 effe
498 1311 657 1400 privatus.
676 1311 804 1399 Proque
825 1304 950 1395 mesero
970 1301 1126 1394 (emtor,
1141 1310 1206 1376 da·
1270 1304 1282 1375 ‘s

142 1483 146 1494 ,
239 1415 328 1484 Hores
335 1415 574 1513 speciatifflmos
593 1411 646 1510 effe
664 1415 848 1507 nobiscum,
865 1412 1010 1506 perfet‘los
1023 1417 1204 1508 bellicorum
1227 1412 1235 1422 ’

239 1523 328 1594 omni
346 1547 451 1616 genere
468 1521 686 1592 doc‘lrirrarum.
710 1522 784 1594 Hac
810 1521 961 1593 modesta
988 1520 1206 1620 imperatoris

237 1629 420 1718 oratione,
434 1629 522 1700 inter
536 1628 680 1704 secunda
697 1631 735 1704 δι
749 1628 861 1726 aspera
879 1628 1006 1719 medii,
1024 1628 1120 1702 miles
1139 1652 1207 1725 pro

238 1755 393 1832 tempore
420 1736 598 1846 delinitus,
627 1737 764 1812 allumta
789 1763 868 1812 cum
888 1738 1068 1828 meliorum
1085 1738 1206 1835 exspe-

240 1847 388 1920 natione
416 1844 567 1936 fiducia,
585 1848 762 1946 regibilem
790 1847 848 1938 [se
872 1846 949 1920 fore
971 1847 1144 1944 pollicitus
1166 1850 1206 1923 δι

241 1955 474 2056 morigerum,
494 1957 695 2030 cunilorum
710 1957 875 2054 aspirante
892 1956 1075 2045 consensu]
1091 1956 1207 2030 audio·

240 2067 374 2140 titatem
402 2067 476 2164 ejus
502 2069 808 2165 sublimitatemque
835 2068 950 2141 cordis
963 2068 1147 2152 extollebat
1168 2068 1206 2140 in

242 2175 395 2248 coelum:
420 2177 516 2272 quod
538 2201 615 2250 cum
637 2200 719 2247 vete
739 2192 841 2270 atque
858 2199 899 2245 ex
920 2174 1036 2246 animo
1059 2174 1208 2263 dicitur,

241 2284 328 2356 solet
355 2307 531 2356 armorum
560 2281 691 2378 crepitu
728 2281 797 2354 leni
823 2283 1012 2357 monstrari.
1042 2285 1209 2382 Repetitis

139 2485 143 2492 .
242 2393 320 2491 poll
341 2391 415 2466 haec
439 2391 621 2481 tentoriis,
649 2389 836 2488 procopia
854 2391 903 2463 rei
920 2391 1090 2487 praesentis
1114 2394 1210 2467 vistu

133 2588 136 2594 ,
243 2502 276 2576 se
299 2500 525 2575 recreavit&
549 2500 863 2598 quietenotiurna.
890 2501 1070 2576 Animabat
1096 2522 1209 2584 autem
1286 2562 1294 2568 .

243 2613 392 2694 Julianus
414 2613 626 2702 exercitum,
653 2601 732 2684 cum
759 2636 834 2683 non
861 2637 922 2708 per
947 2615 1124 2695 caritates,
1153 2613 1213 2702 led

242 2747 304 2820 per
325 2721 498 2812 inchoatas
523 2720 745 2818 negotiorum
771 2721 1020 2817 magnitudines
1045 2719 1232 2821 dejeraret

244 2831 393 2904 affidue:
414 2835 469 2902 Sic
482 2832 546 2924 snb
564 2830 679 2924 jugum
695 2832 825 2900 mitteret
844 2832 987 2926 Persas:
1014 2836 1061 2906 ita
1082 2830 1212 2929 quaffa·
1244 2865 1248 2870 ·

243 2965 309 3014 turn
330 2962 470 3011 recrearet
495 2943 595 3010 orbem
616 2942 827 3011 Romanum:
855 2958 893 3010 ut
911 2937 1078 3034 Traianus
1103 2939 1211 3012 fertur

244 3047 426 3144 aliquoties
446 3045 590 3140 iurando
610 3046 697 3122 dieta
724 3046 895 3121 consueffe
911 3047 1069 3121 firmare:
1090 3055 1145 3121 Sic
1174 3053 1214 3125 iu

240 3163 473 3254 provinciarum
489 3159 623 3252 speciem
644 3159 799 3231 reduc‘lam
824 3163 946 3232 uideam
972 3164 1118 3236 Daciam
1135 3185 1148 3229 .·
1160 3159 1214 3258 sie

238 3273 392 3364 pontibus
428 3269 537 3365 Istrum
577 3265 609 3340 G·
648 3273 832 3363 Euphraten
841 3270 1013 3362 superem,
1032 3272 1072 3344 &
1094 3268 1214 3344 fimilia

244 3376 401 3478 plurima.
420 3376 497 3450 Post
516 3377 590 3452 haec
616 3377 761 3451 decurfis
790 3377 939 3450 millibus
953 3376 1104 3473 paffuum
1123 3401 1213 3474 qua·

244 3487 459 3580 tuordecim‚
482 3486 525 3558 ad
547 3487 661 3560 locum
686 3487 855 3585 quendam
874 3485 920 3557 est
938 3507 1109 3578 ventum,
1129 3511 1214 3559 arva
1239 3559 1242 3563 .

245 3595 341 3693 aquis
360 3595 608 3670 abundantibus
623 3593 899 3668 loecundantem:
922 3619 992 3692 quo
1004 3595 1131 3668 itinere
1147 3613 1214 3663 nos

246 3705 357 3780 ituros
391 3703 497 3782 Perlae
524 3703 717 3804 praedoui,
747 3702 886 3778 sublatis
911 3704 1082 3782 cataractis
1107 3700 1216 3774 undas

1273 962 1281 994 l
