2775 4284
271 221 484 349 RERUM
507 211 758 296 GesTtRUM
781 223 861 296 Lus
886 222 1024 333 XXXL
1081 229 1147 298 ι6ι

111 469 113 476 p
187 381 341 459 eunnbns
354 383 470 460 usdem
483 383 603 462 mansit
616 373 792 458 murum
801 382 879 457 Sme
892 383 1045 458 distantia
1057 385 1156 458 emm*

186 494 289 566 aetatis
310 495 367 570 vel
389 495 509 586 senus,
518 497 682 574 caedibus
687 497 994 594 incendiorumque
1015 500 1147 595 magni·
1151 506 1155 511 '

184 603 301 676 tudine
313 607 430 684 cunda
444 606 652 704 flagrabant.
669 607 899 734 abstraslisque
916 608 958 678 ab
976 605 1050 702 ipso
1064 608 1148 680 ube·
1175 636 1191 692 ¹,

183 738 258 788 rum
260 715 372 790 sustu
387 719 537 814 parvulis
559 722 597 794 δι
614 720 763 842 necatis,
780 718 885 815 raptae
906 718 981 790 sunt
1001 735 1147 821 matres,

58 917 63 924 k
183 824 222 896 bt
243 823 394 898 viduare.
407 825 537 900 maritis
552 828 713 926 conjuges
738 846 820 901 ante
840 827 962 902 oculos
981 814 1148 914 caelis;&

182 933 324 1028 puberes
336 935 507 1034 adultique
525 938 619 1034 pueri
634 964 693 1035 per
710 955 886 1034 parentum
901 924 1065 1012 cadavera
1079 954 1148 1006 tra-

180 1043 225 1114 eti
247 1042 332 1137 sunt.
349 1048 453 1122 Senes
465 1049 610 1144 demque
636 1049 756 1138 multi,
769 1050 824 1122 ad
829 1049 1010 1121 satietatem
1025 1044 1148 1122 vixisse

80 1167 85 1184 '
181 1120 361 1228 clamantes
370 1157 472 1251 ‚post
485 1157 613 1230 amissas
612 1183 710 1258 opes
724 1184 802 1231 cum
817 1157 975 1254 speciosis
989 1153 1147 1240 feminis,

179 1263 332 1338 manibus
349 1267 426 1362 post
441 1285 535 1365 terga
557 1257 748 1356 contortis,
764 1267 957 1366 defletisque
970 1266 1147 1366 gentilium

179 1373 304 1453 favillis
321 1377 464 1463 aedium,
479 1377 686 1450 ducebantur
706 1397 874 1452 extorres

227 1485 314 1569 ‚th
333 1485 415 1557 Haec
440 1507 482 1558 ex
505 1486 658 1558 Thraciis
683 1511 808 1583 magno
831 1492 982 1558 moerore
1006 1502 1170 1581 accepta

178 1589 356 1661 Valentem
370 1591 562 1686 Principem
583 1592 619 1663 in
634 1591 879 1666 sollicitudines
894 1593 1007 1665 varias
1024 1591 1145 1663 dieras

94 1749 104 1755 -
155 1720 159 1732 ·
178 1715 311 1770 xerunt.
328 1697 562 1784 Etconfellim
572 1700 716 1786 Videre
729 1686 887 1797 magistro
902 1701 1054 1799 equitum
1067 1700 1143 1772 mis,

179 1804 216 1876 so
232 1806 273 1878 ad
293 1805 476 1897 Persas,ut
490 1806 589 1904 super
602 1808 772 1894 Armeniae
787 1808 871 1880 statu
884 1832 949 1904 pro
967 1828 1068 1903 captu
1087 1836 1143 1883 re·
1238 1880 1241 1883 ,

177 1939 253 2000 ‚rum
287 1932 511 2011 componeret
542 1909 838 2012 impendentium:
865 1916 933 2012 ipse
956 1917 1145 1992 Antiochia

176 2020 335 2119 protinus
350 2022 562 2122 egressurus,
584 2042 623 2096 ut
642 2023 981 2119 Constantinopolim
1004 2025 1144 2099 interim

175 2145 320 2230 peteret,
333 2133 550 2220 Profuturum
571 2135 730 2232 praemifit
751 2139 790 2211 δι
812 2135 1016 2232 Traianum,
1036 2138 1144 2208 ambo

164 2244 344 2332 rectores,
369 2243 566 2346 anhelantes
585 2245 723 2341 quidem
751 2246 871 2334 altius,
898 2238 952 2318 sed
979 2246 1145 2321 imbelles.

176 2355 340 2448 Quicum
355 2357 397 2428 ad
412 2356 489 2430 loca
503 2355 688 2445 venissent,
699 2356 759 2426 ubi
774 2353 999 2451 particulatim
1012 2381 1143 2452 perque
1173 2431 1179 2445 ⁴

175 2464 265 2536 furta
288 2463 449 2559 magis&
469 2461 648 2537 latrocinia
670 2463 853 2534 multitudo
875 2463 988 2553 minui
1004 2466 1142 2538 deberet

84 2621 88 2628 ›
175 2573 326 2662 hostilis,
338 2572 381 2645 ad
394 2568 443 2660 id,
455 2572 549 2667 quod
562 2589 632 2646 erat
647 2573 891 2668 perniciosum,
904 2573 1143 2669 intempestive,
1181 2611 1199 2631 s

175 2679 346 2769 conversi,
360 2679 511 2777 legiones
521 2679 562 2752 ab
570 2681 729 2754 Armenia
742 2683 858 2764 durias
869 2683 1061 2779 opposuere
1078 2706 1141 2752 ve·
1163 2761 1170 2771 Ν

173 2790 291 2862 sanum
317 2789 426 2862 adhuc
450 2788 649 2884 spirantibus
675 2791 846 2880 barbaris,
869 2817 975 2888 opere
999 2792 1142 2889 quidem

175 2903 302 2976 Martio
330 2902 415 2998 supe
432 2891 531 2976 'reste
559 2919 773 2999 com-pertas,
802 2902 857 2974 sed
882 2901 1029 2997 impares
1049 2901 1142 2995 plebi

175 3015 364 3094 immensae,
385 3037 460 3110 quae
480 3010 644 3084 celsorum
666 3010 744 3108 juga
763 3010 933 3082 montium
955 3026 1140 3106 occuparat

175 3130 213 3200 δι
226 3150 376 3221 campos.
399 3123 446 3196 Hi
465 3121 600 3196 numeri
613 3123 769 3196 nondum
786 3121 936 3217 experti,
956 3121 1039 3220 quid
1060 3147 1144 3194 cunr
1203 3146 1208 3159 ι

175 3238 407 3334 desperatione
432 3235 540 3310 rabies
562 3237 689 3310 valeret
709 3235 898 3321 indomita,
922 3235 1014 3306 truso
1041 3236 1141 3332 hoste

162 3347 262 3431 ,ultra
284 3345 501 3419 AEmimontis
520 3337 663 3419 abscisos
691 3341 853 3438 scopulos
872 3341 1027 3416 saucibus
1049 3343 1140 3414 inse·

174 3456 252 3527 dere
276 3455 472 3551 preruptis‚
492 3451 544 3526 uti
558 3453 727 3526 ,barbaros
751 3452 838 3525 locis
863 3451 1034 3542 inclusos,
1057 3452 1139 3525 nus·

173 3589 275 3661 quam
294 3563 497 3659 reperientes
520 3563 657 3638 exitum¹
671 3561 833 3634 diuturna
854 3560 1066 3634 consumeret
1083 3559 1139 3632 sa·
1177 3646 1182 3651 ,
1295 3554 1297 3559 '

171 3699 261 3768 mes,
276 3677 314 3750 δι
336 3674 573 3774 opperirentur
586 3673 647 3772 ipsi
665 3672 873 3772 Frigeridum
892 3672 1036 3763 ducem,
1058 3695 1141 3744 cum
1214 3697 1219 3715 ι

848 3786 879 3856 R
902 3807 919 3878 ι
