2775 4284
122 281 126 288 ’
245 312 303 382 52
402 264 675 358 institut
690 268 1051 356 uinceretur

239 422 499 536 adventaremus
512 443 714 543 ,fatigatis
705 428 886 539 jumentis,
903 442 1060 520 vedores
1080 471 1203 548 eorum

242 542 417 629 novissimi
437 556 578 658 pedibus
598 555 817 644 incedentes,
836 581 854 627 a
863 558 1040 637 Saracena
1049 557 1206 630 multitu

241 666 338 738 dine
345 663 564 760 circumsepti
581 665 739 760 protinus
763 665 979 756 interissent,
1002 667 1037 737 ni
1064 667 1207 788 expedi·
1267 688 1280 739 Γ

240 777 347 850 tiores
370 797 491 848 turmae
518 773 715 846 nostrorum
741 799 843 870 opem
864 721 1098 848 laborintibus
1122 792 1209 847 attu-
1303 870 1306 873 Ι

164 925 167 930 ·
240 885 362 960 lissent
386 889 460 957 Hos
481 904 591 956 autem
608 885 799 957 Saracenos
813 884 901 956 ideo
923 885 1163 981 patiebamur
1155 911 1229 957 rn-

198 1043 201 1052 =
239 997 362 1086 festos,
382 996 479 1092 quod
500 993 627 1068 salaria
638 1018 848 1090 muneraque
867 994 1015 1118 pluriora
1033 1021 1052 1066 a
1073 971 1221 1067 Iuliano
1324 993 1327 996 ’

198 1109 200 1114 ’
240 1110 283 1185 ad
300 1106 547 1181 similitudinem
560 1103 725 1200 preteriti
734 1104 898 1200 temporis
918 1103 1073 1200 accipere
1090 1105 1210 1197 vetiti,

238 1215 415 1316 questique
439 1215 531 1310 apud
551 1237 653 1300 eum,
671 1212 781 1285 solum
800 1211 1004 1300 arldierant,
1025 1216 1210 1309 Imperato-

169 1410 174 1421 ‚
240 1349 312 1402 rem
334 1323 586 1421 bellicosum&
606 1323 805 1418 vigilantem
829 1321 958 1394 ferrum
976 1323 1120 1414 babere,
1135 1323 1225 1398 nort¹

238 1457 367 1510 eurum.
390 1437 426 1504 ln
444 1433 514 1505 hoc
539 1433 621 1506 loco
641 1432 811 1505 Persarum
834 1431 1064 1504 obstinatione
1091 1434 1210 1508 tritum

237 1544 288 1618 est
300 1541 529 1640 quatriduum.
554 1543 643 1640 Nam
663 1539 918 1639 progredientes
940 1563 1004 1612 nos
1025 1539 1209 1638 sequeban-

238 1675 295 1730 tur
315 1653 443 1727 crebris
469 1649 733 1724 lacessitionibus
756 1651 985 1722 retrahentes:
1000 1675 1078 1723 curu
1105 1652 1210 1726 stare-

189 1845 191 1852 ,
238 1747 334 1851 inus,
349 1779 387 1832 ut
401 1756 606 1857 pugnaturi,
624 1754 896 1856 gradum‘senftm
910 1756 1113 1846 referentes,
1131 1785 1225 1833 mov

238 1876 285 1948 ris
307 1871 473 1945 diuturnis
494 1869 745 1941 excruciabant.
762 1855 901 1965 lamque
926 1867 990 1966 (ut
1013 1868 1123 1943 solent
1144 1897 1209 1944 ex,-

239 2007 346 2061 trema
372 1982 605 2056 metuentibus
621 1980 722 2052 etiarn
746 1977 821 2052 fieta
843 1978 1001 2079 placere)
1026 1980 1209 2075 famacir-

240 2094 413 2180 cumlara,
436 2090 520 2162 fines
551 2090 640 2161 haud
664 2090 788 2186 procul
813 2089 961 2162 limitum
981 2091 1058 2163 else·
1074 2087 1208 2164 nollro·

240 2231 317 2282 rum
328 2252 339 2290 ,
352 2199 733 2274 exercitusvociferans'
750 2201 968 2287 immodeste,
982 2202 1055 2274 dari
1069 2203 1129 2275 sibi
1144 2229 1229 2276 co·-

240 2313 344 2409 piam·
340 2307 543 2380 transeundi
563 2307 712 2404 Tigridis
730 2307 910 2406 flagitabat.
932 2310 1069 2403 Quibus
1090 2337 1207 2432 oppo-

163 2475 166 2487 .
240 2421 322 2492 situs
344 2443 421 2492 cum
436 2417 622 2489 redoribus
646 2421 855 2526 Imperator,
869 2437 1121 2516 tumentemque
1140 2419 1209 2515 jam
1296 2457 1301 2472 ι

145 2615 149 2623 ι
241 2530 335 2603 canis
355 2545 482 2600 exortu
503 2525 617 2601 sideris
637 2553 771 2601 amnem
791 2527 1098 2616 ostendens,nese
1119 2533 1207 2625 peri·
1297 2569 1303 2588 ·
1369 2596 1370 2603 ,

243 2639 369 2712 culofrs
391 2637 645 2724 committerent
668 2638 881 2738 gurgitibus,
894 2639 1081 2712 exorabat:
1103 2640 1207 2714 nandi

241 2747 422 2845 imperitos
450 2745 591 2818 asserens
612 2747 677 2818 elle
698 2747 916 2844 complures,
937 2749 1101 2846 simulque
1120 2751 1206 2844 adji-

160 2863 161 2866 ’
243 2857 357 2945 ciens,
372 2855 511 2930 hostiles
530 2871 648 2958 manus
667 2857 747 2930 hinc
769 2859 850 2930 inde
863 2859 1030 2956 margines
1047 2860 1212 2957 superfusi

242 2965 393 3063 fluminis
416 2966 607 3064 occupasse.
630 2968 696 3040 Sed
719 2993 798 3041 curn
823 2969 896 3040 haec
922 2968 1007 3066 saepe
1034 2971 1210 3068 congenti-

242 3075 360 3150 nando
374 3074 594 3174 refragaretur
608 3075 791 3167 incassum,
813 3076 975 3173 milesque
991 3081 1208 3154 conclamans
1262 3141 1267 3147 ,
1319 3129 1322 3133 -

242 3181 613 3284 magno'conrentionis
635 3184 769 3284 fragore
784 3186 970 3259 minaretur
990 3191 1208 3279 extrema,id
1303 3245 1311 3255 ,

243 3297 428 3390 imperatur
442 3295 628 3391 aegerrime,
642 3314 680 3366 nt
694 3293 794 3368 mixti
811 3320 889 3369 curn
902 3297 1038 3367 Aretois
1051 3300 1208 3372 Sarmatis
1225 3286 1229 3288 i

243 3407 334 3478 Galli
366 3429 497 3478 amnem
529 3405 630 3501 primi
660 3405 816 3477 omniunt
840 3424 1076 3501 penetrarent:
1095 3427 1133 3482 ut
1155 3410 1209 3483 his

243 3514 474 3612 magnitudine
493 3513 702 3584 fluentorum
720 3511 867 3608 abreptis
879 3566 898 3602 „
906 3513 1118 3594 residuorum
1132 3541 1209 3611 pet·

127 3689 133 3698 ,
243 3623 366 3696 tinacia
386 3623 619 3720 frangeretur3
642 3641 699 3696 aut
718 3623 743 3695 fi
763 3624 798 3696 id
819 3624 1030 3721 perfecissent
1044 3627 1209 3713 innocui,

244 3737 399 3812 transitus
421 3735 581 3810 fidentior
603 3753 800 3811 tentaretur.
824 3736 996 3837 Eleslique
1016 3736 1093 3817 sunt
1112 3737 1208 3855 adid

475 3850 489 3883 s

535 3940 538 3959 ι

595 3979 617 4035 s
