2775 4284
553 46 741 176 tx(-

88 389 90 397 s
148 310 151 318 ,
309 289 474 359 renutu
498 286 857 377 obstruuntur.
882 288 1014 394 xxu
1097 311 1139 386 35
1177 290 1205 352 f

180 474 256 523 cum
271 450 313 522 ad
328 451 471 528 traslum
487 441 645 548 Maranga
659 449 863 546 appellatum
876 420 990 525 samnis
1003 453 1146 528 venisset

179 563 367 653 exercitus,
384 584 492 660 prope
516 563 599 636 lucis
622 561 771 651 confinia
788 563 949 636 immensa
970 565 1147 669 Persarpm

178 672 334 767 apparuit
347 672 551 768 multitudo,
565 682 643 744 cum
658 675 798 744 Merene
810 672 972 770 equestris
988 675 1146 771 magistro

178 781 331 868 militiae,
345 779 489 878 filiisque
499 823 500 830 κ
510 782 598 882 regis
612 782 764 870 duobus,
778 783 817 855 &
834 781 1053 880 optimatibus
1067 784 1146 879 plu-

179 890 285 964 rimis.
309 895 413 962 Erant
427 905 539 963 autem
554 914 674 962 omnes
695 910 842 963 catervae
854 888 987 963 serrata
1000 944 1010 978 ,
1025 888 1073 962 ita
1086 914 1148 986 per
1220 892 1222 900 ’

178 999 307 1098 singula
326 999 475 1073 membra
502 997 610 1070 densrs
632 997 765 1071 laminis
789 999 907 1088 testae,
929 1018 967 1073 ut
982 997 1148 1094 junslurae

179 1110 325 1206 rigentes
345 1107 564 1205 compagibus
587 1125 722 1178 artuum
747 1107 1003 1184 convenirent:
1023 1101 1150 1182 huma-

180 1244 372 1318 norumque
389 1220 548 1303 vultuum
567 1217 745 1290 stmulacra
760 1217 808 1288 ita
822 1217 989 1314 capitibus
1004 1217 1164 1316 diligen·¹

126 1341 129 1346 '
180 1349 230 1404 ter
242 1352 319 1429 apra
329 1387 340 1422 ,
355 1349 394 1404 ut
407 1331 627 1402 imbrasleatis
647 1329 850 1424 corporibus
868 1328 1002 1414 solidis,
1013 1329 1061 1401 ibi
1075 1353 1150 1402 tan·

142 1467 143 1472 ¹
181 1465 254 1517 tum
271 1440 455 1518 incidentia
470 1443 536 1512 tela
557 1440 683 1536 poffint
700 1441 1013 1535 haerete,2qoa'per
1027 1464 1150 1511 caver·

180 1577 241 1630 nas
265 1551 411 1624 minutas
436 1553 474 1625 &
502 1550 642 1624 orbibus
668 1552 850 1624 oculorum
877 1549 992 1622 affixas
1017 1549 1152 1645 parcius

179 1661 322 1748 visitur,
336 1661 394 1732 vel
409 1686 468 1755 per
482 1659 714 1755 supremitates
727 1661 860 1732 narium
873 1658 1002 1757 angusti
1017 1658 1150 1755 spiritus

115 1811 117 1817 ,
183 1766 394 1866 emittuntur.
417 1771 578 1862 Quorum
590 1774 676 1865 ‘pars
694 1769 808 1840 contis
827 1767 1025 1842 dimicatura
1048 1768 1152 1840 llabat

182 1876 392 1962 immobilis,
407 1897 445 1949 ut
464 1878 661 1950 retinaculis
680 1877 782 1948 ‘aereis
802 1875 904 1948 fixam
925 1877 1153 1951 existimares:

182 1987 344 2085 juxtaque
359 1983 516 2081 sagittarii
536 1985 662 2082 (cujus
676 1985 758 2086 artis
770 1983 893 2056 fiducia
905 1985 948 2056 ab
962 1986 1154 2058 incunabua

116 2157 120 2164 .
182 2097 224 2168 lis
245 2094 323 2191 ipsrs
343 2119 423 2190 gens
437 2095 617 2190 prevaluit
632 2092 801 2197 maxima)
820 2093 1006 2166 tendebant
1022 2094 1154 2169 divari-

182 2204 267 2280 catis
282 2203 427 2277 brachiis
444 2202 572 2276 flexiles
592 2229 688 2276 arcus
700 2257 712 2294 ,
726 2224 764 2278 ut
778 2203 877 2278 nervi
892 2229 1050 2276 mammas
1063 2230 1154 2301 prae·

181 2305 382 2412 stringerent
406 2313 579 2404 dexteras,
601 2314 730 2412 spicula
755 2315 892 2387 smillris
912 2315 1069 2409 manibus¹
1087 2341 1153 2389 co-

182 2429 349 2500 haererent
362 2452 371 2497 :
384 2426 582 2522 summaque
600 2426 721 2522 peritia
737 2426 922 2524 digitorum
935 2426 1083 2521 pulsrbus
1097 2453 1161 2499 ar-.
1174 2467 1190 2532 '.
1214 2452 1218 2467 ¹
1290 2486 1292 2495 ,
1340 2470 1343 2477 ,

136 2605 140 2609 .
183 2559 302 2638 gotum
316 2535 668 2630 sonantesarundines
687 2536 895 2624 evolabant,
908 2536 1052 2608 vulnera
1073 2561 1155 2631 pet·
1222 2582 1228 2597 ι
1261 2619 1267 2626 p

185 2644 315 2722 niciosa
335 2661 520 2741 portantes.
542 2642 621 2714 Post
645 2643 709 2716 hos
731 2644 994 2739 elephantorum
1016 2640 1154 2740 fulgen-

185 2757 272 2828 tium
293 2753 537 2826 formidandam
560 2751 792 2848 speciem&
812 2750 1026 2824 truculentos
1044 2751 1155 2826 hiatus
1213 2851 1218 2856 ἱ

151 2965 168 2972 -
185 2868 248 2943 vix
262 2885 391 2939 mentes
404 2865 538 2962 pavidae
553 2865 789 2960 perferebant:
804 2864 846 2936 ad
865 2888 1014 2961 quorum
1029 2862 1155 2937 strido-

185 3003 256 3052 rem
276 2977 488 3073 odoremque
510 2978 548 3049 &
569 2974 737 3048 insuetum
758 2973 924 3070 aspedum
944 2975 1050 3072 magis
1075 2974 1155 3073 equi
1258 2967 1276 2988 ⁸

185 3086 409 3160 terrebantur.
431 3086 566 3177 Quibus
584 3059 944 3181 insidentesmagistri,
960 3087 1156 3162 manubria·
1170 3148 1200 3157 s„

186 3215 243 3268 tos
271 3196 400 3268 cultros
424 3195 587 3268 dexteris
598 3195 753 3268 manibus
785 3193 950 3293 illigatos
958 3195 1155 3292 gestabant,

189 3324 337 3400 acceptae
357 3305 446 3406 apud
468 3305 600 3376 Nisibin
623 3328 792 3377 memores
809 3302 936 3376 cladis:
960 3304 1040 3378 &fi
1057 3305 1156 3378 sero·

80 3423 91 3444 ”
147 3409 163 3434 ⁸
189 3413 282 3487 ciens
304 3413 478 3484 animal
443 3438 535 3484 vrres
555 3401 776 3523 exsuperasset
795 3413 966 3508 regentis,¹
979 3438 1022 3485 ne
1034 3439 1157 3488 rever

189 3510 261 3598 sum
280 3545 341 3616 per
356 3519 454 3607 suos,
471 3541 509 3593 ut
528 3514 814 3621 tunqacciderat,
829 3521 980 3594 collisam
995 3523 1157 3596 sterneret

189 3631 343 3730 plebem,
359 3630 570 3720 vertebram,
589 3658 667 3728 quae
681 3651 784 3728 caput
796 3657 816 3702 a
829 3632 966 3705 cervice
987 3632 1158 3704 distermi-
1230 3667 1240 3687 x

189 3761 267 3838 nat,
282 3741 350 3818 islu
361 3741 514 3820 maximo
530 3743 752 3817 terebrabant.
767 3743 993 3840 Exploratum
1005 3743 1052 3816 est
1065 3743 1158 3818 enim
1241 3751 1249 3756 ’

888 3851 967 3924 Ca.
