2775 4284
253 275 326 347 ²40
422 199 1065 324 nun1au1unncnnu1u1'
1149 310 1153 319 .

251 429 398 487 eventus
422 409 623 485 cohortibus
650 407 858 496 Gallicanis,
882 433 961 504 qua
986 430 1058 478 non
1087 403 1219 501 semper
1295 391 1301 401 “

252 533 372 605 dicata:
392 532 625 629 legitimorum
651 530 849 626 Principum
867 528 970 616 fidei,
988 526 1085 600 velut
1105 525 1217 621 impe-

252 651 384 722 riorum
408 651 563 738 arbitra,
581 646 710 721 ausurae
730 673 865 725 rtovum
886 645 1046 744 quiddam
1061 644 1107 716 'in
1127 661 1218 716 tem·

251 794 338 865 pore
357 769 594 866 sperabantur:
612 769 681 842 hoc
695 768 865 841 tentandae
882 764 1032 838 novitati
1050 775 1110 836 res
1122 761 1217 856 adju·

251 903 380 973 vante,
394 886 489 979 quod
505 883 673 982 gestorum
693 885 829 984 ignarus
843 885 1018 957 etiamtum
1032 881 1216 954 Gratianus

125 1077 137 1086 ,
168 1066 174 1076 ,
251 1001 373 1098 agebat
392 1017 464 1072 tum
490 1002 581 1097 apud
604 1002 800 1088 Treveros,
822 1001 882 1073 ubi
904 999 1115 1094 profedlurus
1137 1021 1216 1067 eum

252 1119 383 1190 morari
396 1118 604 1214 disposuerat
612 1138 720 1215 pater.
730 1122 819 1192 Cum
832 1120 1011 1216 negotium
1026 1119 1061 1189 in
1074 1117 1128 1188 his
1138 1116 1218 1187 effet
1363 1212 1364 1215 Ἴ

252 1233 410 1332 angustiis
420 1239 484 1325 ,.&
499 1257 660 1332 tanquam
674 1235 710 1310 in
726 1236 843 1307 eadem
858 1233 942 1306 navi
959 1233 1064 1307 futuri
1085 1233 1218 1330 pericu·

252 1351 387 1439 lorum,
398 1349 422 1420 fi
435 1350 647 1439 accidiffent,
667 1351 869 1447 participes,
882 1374 1001 1422 omnes
1012 1352 1129 1422 eadem
1142 1349 1218 1420 for·
1363 1334 1364 1379 3

253 1466 448 1540 midarent:
465 1467 548 1539 sedit
560 1467 759 1540 summatum
777 1465 945 1554 consilio,
958 1467 1080 1538 avulso
1092 1485 1218 1562 ponte,

253 1599 356 1680 quem
372 1584 630 1682 compaginarat
647 1603 725 1658 ante
740 1585 911 1657 neceffiras
928 1586 1094 1657 invadens
1114 1603 1219 1658 terras

252 1699 412 1789 holliles,
435 1719 474 1774 ut
500 1701 679 1798 superstitis
701 1698 933 1772 Valentiniani
957 1701 1118 1772 mandato
1143 1704 1219 1772 Me·

253 1819 425 1894 robaudcs
446 1825 603 1918 protinus
619 1821 795 1896 acciretur.
816 1824 966 1919 Hocque
987 1822 1066 1910 ille,
1087 1839 1126 1893 ut
1147 1845 1220 1894 erar
1363 1892 1364 1909 ἢ

254 1935 401 2010 sollertis
415 1938 558 2038 ingenii,
571 1941 667 2040 quod
681 1957 842 2012 evenerat
854 1959 963 2033 ratus,
975 1961 1033 2013 aur
1047 1941 1138 2012 forte
1153 1942 1220 2010 do·

198 2050 201 2060 ’
255 2056 329 2128 &us
341 2058 384 2128 ab
395 2081 458 2146 eo,
468 2083 532 2153 per
543 2084 645 2156 quent
659 2060 1059 2156 vocabatur,rupturum
1073 2083 1221 2132 concor·

255 2173 321 2244 diae
335 2172 412 2264 jura
427 2175 644 2248 Gallicanum
662 2175 806 2249 militem
823 2175 1027 2274 mspicarus,
1038 2177 1164 2248 millam
1176 2175 1221 2248 ad

254 2285 290 2356 se
310 2286 460 2358 telleram
478 2287 581 2360 finxit
598 2289 763 2362 redeundi
781 2317 857 2362 curn
871 2316 915 2361 eo
930 2294 974 2364 ad
994 2293 1220 2364 observandas

255 2401 368 2474 Rheni
393 2401 505 2500 ripas,
525 2405 619 2502 quali
643 2404 762 2479 furore
783 2407 963 2481 barbarico
983 2409 1218 2483 crudescente:

222 2536 229 2548 '
255 2544 362 2620 utque
380 2544 452 2598 erar
471 2525 594 2600 secrete
611 2529 807 2600 mandarum
820 2583 832 2616 ,
844 2530 1073 2602 Sebastianum
1090 2528 1222 2601 Princi·
1363 2524 1364 2529 ’

253 2641 308 2736 pis
326 2643 436 2716 adhuc
457 2643 672 2739 ignorantem
698 2646 892 2731 circellum,
906 2647 1040 2745 longius
1061 2645 1221 2718 amanda·

255 2759 333 2844 vit,
347 2763 501 2859 quietum
521 2763 660 2859 quidem
682 2764 797 2835 uirum
818 2767 857 2837 δι
873 2766 1068 2860 placidum,
1085 2751 1141 2837 sed
1155 2763 1222 2834 mi·

256 2875 348 2946 litari
368 2876 490 2950 favore
509 2878 696 2967 sublatum,
714 2881 795 2953 ideo
821 2883 968 2953 maxime
991 2901 1075 2954 tunc
1096 2905 1221 2955 caven·

148 3023 151 3030 Δ
256 2994 350 3067 dum.
372 2997 525 3070 Reverso
538 2999 651 3094 iraque
663 3000 895 3086 Merobaude,
906 3000 1029 3071 altiore
1044 3021 1222 3093 curapro·

256 3098 429 3209 specum,
443 3116 606 3212 expedito
628 3117 775 3189 confilio
788 3118 1047 3190 Valentinianus
1064 3142 1150 3215 puer
1161 3117 1222 3186 de·

257 3231 365 3303 fundi
392 3229 481 3304 lilius
504 3250 577 3304 turn
602 3233 815 3329 quadrimus,
841 3253 1028 3307 vocaretur
1051 3236 1088 3307 in
1111 3235 1224 3330 impe·

256 3349 345 3419 rium
360 3351 596 3445 cooptandus,
617 3351 803 3424 cenrefimo
816 3351 927 3447 lapide
947 3351 1151 3448 disparatus,
1164 3352 1224 3421 de·

256 3462 404 3562 gensque
424 3492 502 3538 cunr
523 3467 646 3539 lustina
666 3487 772 3539 marre
792 3468 829 3539 in
852 3468 959 3555 villa,
976 3493 1078 3566 quam
1097 3471 1224 3538 Muro-

159 3619 166 3624 ·
256 3583 401 3657 cinllam
435 3583 617 3679 appellant.
658 3586 806 3682 Hocque
834 3585 1034 3659 concinenti
1064 3585 1221 3657 omniurn

255 3701 419 3778 sententia
432 3699 657 3796 confirmato,
667 3705 818 3807 Cerealis
829 3705 1021 3786 avunculus
1034 3704 1108 3803 ejus
1120 3703 1222 3780 ocius
