2775 4284
240 228 312 307 ιιι
386 228 1062 337 nuurauruancnrmru

240 388 474 489 terrogatique
485 388 583 488 super
595 386 749 465 confiliis
759 387 925 477 hostium,
936 387 1131 462 variarunt:
1142 404 1251 463 uni

239 503 284 577 de
301 501 427 575 fadum
441 501 510 593 est,
528 526 567 575 ur
578 518 720 575 cruenta
737 498 926 597 quaestione
943 502 1081 593 vexati,
1095 503 1257 575 cervi-·
1351 519 1354 528 ·

238 609 338 685 cibus
348 611 499 709 perirent
511 608 665 697 abscifis,
678 607 765 707 quid
778 607 884 682 aduri
897 628 1080 699 venerant,
1093 629 1241 706 aperte

239 722 395 799 confeffi.
419 720 529 795 Omni
554 721 670 818 itaque
696 719 846 793 bellandi
868 742 1031 817 apparatu
1053 720 1236 815 praestru-

241 832 320 919 do,
333 831 540 904 adventante
559 826 678 926 vigilia
692 827 811 919 tertia,
824 827 958 901 barbari
969 828 1104 902 abolito
1122 854 1231 925 prae-

241 939 422 1017 teritorum
433 940 615 1011 vulnerum
628 953 743 1025 metu,
755 934 793 1007 in
807 934 900 1009 urbis
914 933 1090 1010 obseratos
1102 937 1226 1011 aditus

242 1047 478 1145 multiplicatis
491 1046 672 1121 ordinibus
686 1044 916 1135 inundarunt,
932 1047 972 1119 δι
986 1043 1228 1119 obstinatione

243 1158 453 1256 magnatium
466 1150 607 1251 majore.
620 1156 666 1228 At
680 1179 759 1228 cum
776 1155 914 1227 armatis
929 1154 1160 1252 provinciales
1179 1157 1223 1229 δι

242 1266 388 1367 palatini
407 1266 452 1339 ad
471 1265 670 1339 obruendos
688 1286 749 1336 eos
767 1263 949 1341 excitatius
968 1262 1222 1361 exsurgebant:

245 1380 287 1453 &
299 1373 461 1469 cujusque
481 1372 580 1447 modi
600 1372 687 1463 tela,
699 1372 736 1445 in
753 1370 971 1445 multitudine
986 1390 1076 1445 tanta
1093 1372 1152 1446 vel
1164 1392 1224 1444 te-

246 1508 341 1561 mere
354 1482 467 1574 milla,
483 1483 603 1557 cadere
616 1480 686 1555 fine
704 1507 798 1554 noxa
815 1506 890 1557 non
903 1498 1074 1577 poterant.
1095 1479 1227 1553 Anim-

246 1591 430 1685 adversum
441 1589 663 1680 estanostris,
672 1588 789 1662 iisdem
802 1588 878 1662 telis
890 1590 1051 1661 barbaros
1062 1591 1126 1678 uti,
1138 1590 1223 1687 qui-

246 1707 313 1780 bus
333 1704 547 1803 petebantur.
571 1704 722 1800 ldeoque
741 1702 937 1777 mandatum
957 1702 1026 1790 est,
1045 1720 1085 1774 ut
1102 1702 1223 1775 nervis

244 1816 379 1889 fertum
395 1813 593 1913 lignumque
606 1813 892 1887 connedentibus
905 1838 983 1887 anre
995 1812 1118 1907 jactum
1132 1814 1224 1889 inci·

245 1926 314 2017 lis,
326 1925 559 1999 emitterentur
570 1949 651 2000 arcu
668 1924 796 2021 sagittae
810 1951 820 1997 ε
835 1950 914 2021 qua:
928 1924 1114 1999 volitantes
1128 1924 1222 1998 vires

248 2034 398 2135 integras
409 2032 647 2109 inservabant:
662 2031 778 2106 infixa
788 2057 877 2109 vero
893 2035 1118 2129 corporibus,
1134 2034 1224 2107 nihil

249 2143 387 2241 vigoris
408 2144 616 2239 perdebant,
631 2159 689 2216 aut
712 2144 866 2234 certe,li
886 2144 1079 2219 cecidillent
1100 2144 1137 2217 in
1154 2170 1222 2217 va·

165 2296 168 2301 ·
249 2281 352 2345 num,
366 2254 462 2327 illico
475 2250 726 2351 frangebantur.
735 2255 848 2328 Dedit
860 2274 973 2329 autem
986 2256 1085 2327 rebus
1098 2255 1145 2329 ita
1157 2255 1222 2329 fla·

248 2364 426 2465 grantibus
438 2388 544 2463 grave
557 2382 773 2439 momentum
785 2364 879 2442 casus
896 2366 1084 2440 admodum
1102 2367 1223 2463 inopi·

251 2499 329 2547 nus.
344 2474 490 2573 Scorpio
498 2528 511 2565 ‚
519 2498 634 2572 genus
644 2476 831 2567 tormenti,
846 2501 948 2574 quem
962 2477 1143 2575 Onagrum
1156 2477 1239 2551 ser-³

198 2623 205 2632 ·
249 2608 315 2671 mo
344 2582 491 2681 vulgaris
514 2582 727 2681 appellat‚e
756 2585 897 2683 regione
922 2608 1043 2662 contra
1072 2586 1224 2661 hostium

251 2694 359 2768 aciem
373 2693 507 2765 densam
519 2693 673 2785 locatus,
688 2695 835 2792 lapidem
850 2695 1018 2769 contorsit
1031 2696 1225 2795 ingentem:

252 2803 328 2903 qui,
339 2802 419 2877 licet
430 2803 541 2877 humo
555 2801 677 2879 frustra
686 2806 793 2881 illisus
804 2806 862 2897 est,
878 2806 969 2884 visus
981 2827 1094 2882 nmen
1105 2810 1151 2883 ita
1163 2836 1226 2885 eos

253 2928 349 3013 metu
375 2910 606 3002 exanimavit,
630 2932 670 2987 ut
692 2915 831 3011 stupore
853 2915 1033 3013 spellaculi
1056 2919 1144 2992 novi
1167 2946 1224 2993 ce·

255 3020 374 3096 dentes
390 3044 411 3092 e
429 3021 567 3110 medio,
580 3022 673 3098 abire
688 3044 868 3097 tentarent.
887 3027 953 3099 Sed
964 3028 1118 3103 buccinis
1132 3029 1223 3124 opti·

254 3149 384 3203 matum
400 3130 538 3207 monitu
553 3135 813 3226 occinentibus‚
826 3135 1045 3209 instauratum
1060 3136 1108 3209 est
1127 3163 1225 3233 proe-

254 3240 363 3316 lium:
390 3242 429 3315 δι
453 3240 527 3337 pari
551 3241 663 3341 rppclp
682 3268 735 3317 res
758 3246 913 3317 Romana
939 3243 1093 3342 superior
1118 3244 1225 3335 sterit,

256 3343 355 3417 nullo
376 3344 482 3421 ferme
499 3345 569 3421 alio
588 3349 660 3448 telo
681 3350 740 3423 vel
759 3348 943 3423 funditoris
958 3344 1096 3423 amento
1114 3349 1227 3424 incas-

255 3453 329 3530 sum
349 3457 500 3533 cucullo.
514 3458 661 3557 Agmina
674 3459 766 3537 enim
783 3461 1006 3558 praeeuntium
1026 3462 1228 3554 dudotum,

255 3592 346 3684 quos
363 3566 517 3673 rapiendi
536 3564 801 3649 Valentis¹malis
820 3570 1113 3667 lucubrationibus
1128 3598 1225 3675 quae·

1349 115 1353 198 i

1348 201 1357 502 l

1350 601 1364 897 l
