2775 4284
234 205 304 303 316
353 144 599 274 rixcnnrrn
617 179 684 273 un
700 176 1015 271 rnnonnruco
1030 215 1115 270 Ere.

231 359 339 459 polle.
366 360 433 432 Sed
455 360 538 431 dum
561 358 635 432 haec
660 377 827 455 aguntur,
850 360 1078 456 Symmachus
1101 373 1214 454 caput

230 470 355 559 senati,
371 467 469 562 cujus
488 468 650 541 Boethius
667 467 773 544 filiam
786 468 903 543 habuit
917 492 1079 557 uxorem,
1091 468 1210 541 dedu-

232 582 325 655 citur
343 581 385 655 de
405 582 519 655 Roma
539 580 753 653 Ravennam.
775 582 934 655 Metuens
951 602 1038 651 vero
1057 602 1137 668 rex,
1158 604 1210 652 ne

231 690 356 766 dolore
372 691 488 789 generi
508 688 639 789 aliquid
657 688 816 763 adversus
833 714 974 787 regnum
992 687 1064 785 ejus
1082 692 1209 767 trana-
1345 714 1346 727 ¹

230 819 303 892 ret,
322 800 461 897 objedo
477 798 623 875 crimine
639 798 729 896 juffit
745 796 903 875 interfici.
931 800 1120 875 Revertens
1138 800 1209 897 igi-

231 927 290 983 tur
314 909 494 984 lohannes*
509 935 597 1008 papn
623 936 642 982 a
666 909 819 999 lullino,
844 934 947 1008 quem
968 909 1208 993 Theodericus

178 1099 182 1109 ,
233 1047 313 1095 cunr
326 1020 412 1093 dolo
424 1020 587 1118 suscepit,
596 1024 636 1096 &
651 1022 686 1094 in
701 1020 827 1097 offensa
841 1020 897 1095 sua
915 1046 993 1095 eum
1007 1022 1071 1097 elle
1088 1019 1210 1115 jubet:
1328 1059 1330 1067 ¹

233 1156 294 1229 qur
283 1130 385 1228 post
402 1156 533 1228 paucos
549 1132 621 1206 dies
636 1130 813 1205 defunctus
826 1130 884 1204 est.
898 1134 991 1231 Ergo
1008 1153 1125 1205 euntes
1138 1154 1212 1226 po-.

233 1239 307 1336 puli
326 1260 407 1316 ante
429 1238 719 1337 corpusculum
690 1266 786 1336 ejus,
802 1240 920 1315 subito
942 1266 1028 1313 unus
1047 1239 1088 1313 de
1107 1240 1212 1313 turba

234 1347 396 1444 abreptus
412 1349 588 1425 daemonio
606 1350 752 1442 cecidit,
764 1355 803 1429 δι
815 1353 895 1433 dum
910 1334 1111 1449 pervenisset
1130 1376 1214 1425 cum

234 1456 383 1547 leslulo,
394 1458 454 1531 ubi
476 1460 580 1533 ledus
596 1480 669 1534 erat
689 1461 795 1559 usque
815 1462 860 1535 ad
880 1460 1075 1545 hominem,
1097 1460 1213 1533 subito

237 1566 336 1643 sanus
354 1512 519 1654 sirrrexit,
538 1574 577 1645 dc
600 1572 842 1668 precedebat
833 1598 869 1645 ιιι
891 1570 1080 1677 exsequias,
1101 1570 1215 1661 Quod
1236 1564 1240 1570 ’

58 1772 63 1782 .
144 1730 149 1740 ι
237 1678 394 1751 videntes
406 1680 527 1775 populi
540 1683 579 1755 dt
592 1678 765 1757 senatores
773 1699 977 1779 ,coeperunt
991 1679 1150 1777 reliquias
1169 1679 1216 1751 de

237 1788 389 1862 veste
359 1814 432 1885 ejus
451 1792 584 1864 tollere.
606 1791 663 1865 Sic
685 1818 763 1865 cunr
786 1794 919 1865 summo
941 1790 1065 1889 gaudio
1090 1787 1215 1885 populi

238 1901 399 1975 deductus
410 1892 464 1973 est
471 1927 598 1998 corpus
608 1928 681 2000 erus
696 1903 823 1977 soris
794 1921 980 1978 crvrtatem
988 1902 1097 2005 Igitur
1109 1902 1216 1999 Sym
1239 1912 1245 1917 “
1330 1973 1332 1979 .

176 2104 180 2119 1
238 1992 620 2085 machusScholallicus
642 2014 777 2087 Iudaeus
793 2011 935 2109 jubente
957 2034 1142 2105 nonrege,
1158 2008 1218 2081 sed
1283 2038 1288 2053 ι

194 2149 197 2159 ·
238 2137 413 2218 tyranno,
436 2122 577 2193 dislavit
600 2145 771 2219 praecepta
800 2122 855 2195 die
875 2140 995 2219 quarta
1019 2119 1103 2193 feria
1111 2118 1218 2215 ,·sep

239 2232 329 2306 timo
353 2231 528 2305 Kalendas
549 2233 737 2326 Septembr
774 2231 965 2303 lndisione
991 2250 1033 2301 tv
1058 2228 1217 2327 Olybrio
1347 2236 1348 2331 l

240 2334 403 2423 consule,
422 2353 461 2408 ut
474 2338 529 2411 die
543 2337 723 2412 dominico
738 2324 944 2415 adveniente
961 2338 1079 2411 Ariani
1101 2338 1217 2411 bafili-

230 2466 298 2544 ,cas
312 2442 510 2523 Catholicas
524 2444 736 2524 invaderent.
755 2449 820 2521 Sed
835 2449 892 2545 qui
906 2472 978 2521 non
980 2446 1133 2571 ..patitur
1135 2439 1219 2517 lide·
1347 2492 1348 2557 ι

187 2620 195 2647 ,
242 2549 291 2622 les
307 2551 458 2627 cultores
473 2554 551 2627 suos
565 2555 608 2627 ab
622 2555 821 2655 alienigenis
840 2555 1011 2653 opprimi,
1024 2580 1109 2627 mox
1124 2555 1218 2627 intu-

209 2718 212 2729 .
243 2659 308 2733 lit
299 2688 334 2733 tn
347 2687 428 2746 eum
446 2663 642 2737 sententiam
659 2666 756 2755 Arii,
771 2666 918 2747 ausloris
934 2663 1153 2764 religionis
1124 2690 1219 2763 eJus.
1347 2686 1348 2745 l

244 2771 383 2845 fluxum
397 2774 529 2845 ventris
550 2774 713 2866 incurrit,
735 2780 772 2852 δι
795 2776 905 2849 dum
896 2795 985 2849 rutra
1003 2777 1118 2869 triduo
1138 2794 1221 2855 eva-1
1347 2818 1348 2883 ι

244 2900 364 2955 cuatus
377 2880 506 2972 suiffet,
522 2885 645 2957 eodem
659 2886 715 2959 die
725 2941 738 2977 ,
748 2892 821 2983 quo
837 2885 869 2959 se
885 2888 1051 2985 gaudebat
1062 2888 1218 2961 ecclesius
1270 2891 1273 2896 ’

245 2986 430 3077 invadere,
455 2989 555 3061 simul
578 3017 720 3092 regnum
746 2995 960 3069 &animam
980 2996 1099 3070 amisit.
1124 2998 1217 3093 Ergo
1318 3059 1320 3069 .

156 3159 159 3164 ,
244 3116 426 3193 antequam
445 3098 637 3191 exhalaret,
651 3122 813 3200 nepotem
826 3102 924 3185 suum(
936 3105 1167 3178 Athalaricum
1183 3105 1221 3177 in
1347 3118 1348 3213 l

244 3230 392 3304 regnum
406 3208 595 3283 constituit
610 3214 652 3289 Se
670 3233 782 3287 autem
806 3214 896 3288 vivo
915 3212 996 3287 fecit
1014 3213 1076 3286 sibi
1095 3233 1222 3285 monu-
1347 3260 1348 3279 t

126 3309 130 3326 '
248 3337 403 3391 mentum
429 3344 473 3391 ex
499 3322 611 3419 lapide
641 3326 828 3436 quadrato,
855 3326 950 3399 mirae
982 3323 1223 3421 magnitudinis
1317 3406 1321 3421 Ι

182 3453 362 3531 opus,
376 3429 415 3502 δι
434 3428 577 3505 saxum
568 3454 763 3533 mgentem,
776 3462 877 3585 quern
891 3432 1176 3534 superponeret
1141 3458 1224 3527 ,rn
1347 3474 1348 3493 ι

100 3593 103 3597 -
253 3536 403 3637 quifivit.

622 3710 888 3769 ’.ο-ἐις
