2775 4284
289 253 735 332 ttanuucssttnutu
759 255 841 327 uu.
867 256 1001 330 xxxi.
1044 274 1132 356 ¹257

172 414 349 518 dispersit2
369 415 527 508 utebatur
559 412 740 486 dimicandi
769 411 878 485 studio
910 414 1133 515 Theruingo-

171 551 244 609 rum
267 524 361 598 natio
378 525 513 598 omnis:
531 526 568 596 δι
586 522 674 594 inter
692 522 874 595 metuenda
900 523 1022 613 multa,
1040 525 1134 620 peri·

171 633 396 728 culorumquo
408 631 536 728 praeuia
556 629 782 702 maximorum
797 629 961 720 ‚vexillis
976 631 1017 702 de
1036 626 1133 706 more
1211 654 1215 660 ‘

170 740 325 830 sublatis,
344 741 529 838 auditisque
545 739 638 812 triste
665 739 864 812 sonantibus
889 739 1050 826 classicis,
1065 741 1132 835 iam

172 867 292 922 turmae
312 849 523 947 praedatoriae
543 846 811 937 concursabant,
825 847 964 944 pilando
985 847 1082 921 villas
1096 851 1136 928 δι
1239 881 1247 887 ’

172 958 413 1051 incendendo,
429 959 593 1056 vallisque
614 957 784 1046 cladibus,
805 957 969 1056 quidquid
987 959 1136 1035 inveniri

164 1083 328 1170 poterat,
343 1066 591 1164 permiscentes.
617 1065 789 1138 Adversus
807 1091 897 1162 quos
920 1067 1136 1169 Lupicinus,
1252 1128 1257 1136 .
1314 1135 1319 1148 ,

170 1179 415 1274 properatione
433 1177 648 1251 tumultuaria
665 1177 791 1250 coaslis
808 1177 992 1280 militibus,
1011 1198 1136 1254 temere

171 1287 278 1386 magis
299 1315 399 1386 quant
421 1286 575 1361 consulte
596 1287 808 1386 progressus,
831 1289 867 1361 in
887 1313 984 1362 nono
997 1291 1040 1362 ab
1055 1292 1138 1385 urbe
1217 1307 1220 1312 ’

172 1399 334 1472 milliario
346 1397 439 1500 ‚sletit
451 1383 584 1492 patulus
599 1397 643 1468 ad'
655 1398 915 1472 decernendum.
931 1386 1137 1498 Barbarique

174 1508 243 1596 hoc
264 1503 528 1600 contemplato,
553 1504 677 1602 globos
693 1505 845 1599 irrupere
862 1505 1057 1579 nostrorum
1080 1509 1137 1581 in·

174 1634 293 1690 cautos
303 1669 315 1704 ,
331 1617 368 1691 &
389 1638 520 1709 parmas
534 1612 711 1710 suppositis
734 1601 940 1708 corporibus
952 1614 1138 1704 illidendo,

177 1723 305 1814 obuios
319 1723 418 1796 hastis
431 1709 648 1823 perforabant
668 1724 706 1798 &
727 1719 846 1819 gladiis
861 1749 870 1794 ε
884 1720 1069 1823 furoreque
1082 1753 1139 1804 ur·

175 1830 517 1934 gentectuen10‚&
542 1826 729 1902 tribuni&
751 1827 914 1926 pleraque
936 1855 1012 1926 pars
1031 1858 1139 1908 arma·
1223 1893 1227 1900 .

175 1958 291 2012 torum
309 1939 439 2036 periere
451 1927 562 2036 'signis
586 1937 731 2033 ereptis:
749 1962 871 2035 praeter
892 1938 1012 2012 ducem
1028 1940 1139 2018 insau-
1191 1985 1200 2032 ⁴,

176 2049 284 2139 llum,
304 2049 362 2148 qui
386 2047 428 2120 ad
444 2047 478 2120 id
499 2043 608 2118 solum
625 2045 806 2136 inventus,
821 2066 859 2120 ut
878 2046 1141 2146 confligentibus

176 2158 249 2232 aliis
273 2159 465 2255 proriperet
484 2155 554 2252 ipse
576 2155 679 2227 semet
699 2155 736 2226 in
757 2151 890 2252 fugam,
907 2142 1025 2230 urbem
1038 2159 1141 2233 'cursu
1187 2231 1197 2256 ,

174 2263 445 2360 concitoperiit.
462 2262 540 2333 Posl
555 2285 632 2360 quae
645 2259 759 2332 hostes
775 2261 875 2334 armis
890 2262 998 2335 induti
1014 2265 1140 2338 Rotna-

176 2375 253 2464 nis,
272 2375 370 2448 nullo
391 2393 528 2449 vetante
550 2396 610 2468 per
632 2371 726 2446 uaria
738 2373 982 2465 ‚grassabantun
998 2377 1040 2446 Et
1051 2374 1143 2477 quo'·
1254 2448 1281 2469 ι,
1361 2418 1366 2423 -

165 2484 267 2576 ,niam
295 2483 337 2566 ad
360 2481 419 2553 has
445 2497 554 2574 partes
580 2477 656 2572 post
683 2477 888 2573 multiplices
920 2499 1073 2558 ventum.
1091 2475 1143 2559 ‘est

138 2581 141 2586 ’
178 2591 293 2678 astus,
312 2582 348 2658 id
367 2586 540 2676 lesluros,
559 2584 582 2655 st
604 2585 662 2681 qui
685 2609 784 2657 erunt
805 2613 978 2684 unquam,
995 2578 1149 2685 obusta}

163 2723 280 2787 ntur,
298 2722 343 2770 ne
364 2695 440 2796 quis
466 2720 487 2770 a
506 2693 606 2792 nobis
628 2693 823 2791 scrupulose
839 2697 927 2794 gesta
946 2701 1004 2772 vel
1020 2703 1144 2788 nume-

180 2831 256 2878 rum
280 2803 392 2902 exigat
417 2821 673 2899 peremtorum,
696 2801 756 2899 qui
781 2800 1023 2902 comprehendi
1046 2811 1144 2883 nullo

179 2940 302 3016 genere
331 2911 456 3010 potuit.
478 2911 640 2984 Sufficiet.
655 2912 771 3006 enim,
793 2912 938 2988 veritate
960 2918 1056 3001 nullo
1083 2908 1145 2992 tie.
1251 2906 1254 2909 ’

179 3029 247 3102 lata
268 3025 447 3101 mendacio
462 3079 474 3116 ,
492 3025 578 3124 ipsas
602 3050 717 3100 return
739 3024 888 3124 digerere
916 3029 1119 3109 summitates
1135 3024 1152 3105 ε’

180 3160 259 3210 cum
279 3133 489 3230 explicandae
509 3157 621 3206 rerunt
642 3130 819 3206 memoriae
838 3129 965 3232 ubique
986 3121 1147 3211 debeatur

181 3245 356 3344 integritas
382 3244 458 3318 sida.
486 3246 623 3344 Negant
647 3241 887 3341 antiquitatum
912 3244 1020 3342 ignati
1046 3248 1147 3327 tantis

181 3361 362 3446 malorum¹
381 3359 529 3432 tenebris
554 3360 695 3432 offusam
723 3358 908 3456 aliquando
932 3357 1027 3434 fuisse
1055 3386 1147 3436 rem·

182 3471 352 3570 publicam
365 3471 443 3563 :seu
454 3469 616 3544 falluntur
630 3471 799 3546 malorum
813 3471 1001 3544 recentium
1013 3470 1148 3568 stupore

85 3594 89 3608 '
182 3579 322 3658 confixi.
345 3581 540 3680 Namquesi
565 3580 755 3677 superiores
775 3580 833 3655 vel
854 3574 975 3654 recens
999 3568 1148 3678 presteri-

113 3792 117 3797 ¹
182 3711 227 3767 tae
246 3690 457 3764 evolvantur
478 3709 611 3795 etates,
632 3690 715 3763 tales
742 3708 876 3810 tamque
898 3687 1006 3762 tristes
1032 3711 1148 3793 rerum

233 3804 396 3876 Ammian.
416 3802 594 3872 Marcellin.
618 3805 689 3870 Vol.
707 3802 752 3875 ss.
996 3796 1039 3870 R·

731 4116 737 4157 1
