<?xml version="1.0" encoding="UTF-8"?>
<!DOCTYPE html PUBLIC "-//W3C//DTD XHTML 1.0 Transitional//EN"
    "http://www.w3.org/TR/xhtml1/DTD/xhtml1-transitional.dtd">
<html xmlns="http://www.w3.org/1999/xhtml" xml:lang="en" lang="en">
 <head>
  <title>
</title>
<meta http-equiv="Content-Type" content="text/html;charset=utf-8" />
  <meta name='ocr-system' content='tesseract 3.04.00' />
  <meta name='ocr-capabilities' content='ocr_page ocr_carea ocr_par ocr_line ocrx_word'/>
</head>
<body>
  <div class='ocr_page' id='page_1' title='image "ammianimarcelli00ernegoog_0056.png"; bbox 0 0 2775 4284; ppageno 0'>
   <div class='ocr_carea' id='block_1_1' title="bbox 1367 45 1373 131">
    <p class='ocr_par' dir='ltr' id='par_1_1' title="bbox 1367 45 1373 131">
     <span class='ocr_line' id='line_1_1' title="bbox 1367 45 1373 131; baseline 0 0"><span class='ocrx_word' id='word_1_1' title='bbox 1367 45 1373 131; x_wconf 79' lang='lat' dir='ltr'>l</span> 
     </span>
    </p>
   </div>
   <div class='ocr_carea' id='block_1_2' title="bbox 1372 226 1374 303">
    <p class='ocr_par' dir='ltr' id='par_1_2' title="bbox 1372 226 1374 303">
     <span class='ocr_line' id='line_1_2' title="bbox 1372 226 1374 303; baseline 0 0"><span class='ocrx_word' id='word_1_2' title='bbox 1372 226 1374 303; x_wconf 88' lang='lat' dir='ltr'>l</span> 
     </span>
    </p>
   </div>
   <div class='ocr_carea' id='block_1_3' title="bbox 297 275 1157 418">
    <p class='ocr_par' dir='ltr' id='par_1_3' title="bbox 297 275 1157 418">
     <span class='ocr_line' id='line_1_3' title="bbox 297 275 1157 418; baseline 0.013 -52"><span class='ocrx_word' id='word_1_3' title='bbox 297 275 464 366; x_wconf 74' lang='lat' dir='ltr'>aarum</span> <span class='ocrx_word' id='word_1_4' title='bbox 489 282 746 372; x_wconf 73' lang='lat' dir='ltr'>cumanum</span> <span class='ocrx_word' id='word_1_5' title='bbox 771 293 853 406; x_wconf 78' lang='lat' dir='ltr'>uu.</span> <span class='ocrx_word' id='word_1_6' title='bbox 878 297 997 375; x_wconf 84' lang='lat' dir='ltr'>xxv.</span> <span class='ocrx_word' id='word_1_7' title='bbox 1083 324 1157 418; x_wconf 69' lang='lat'>5¹1</span> 
     </span>
    </p>
   </div>
   <div class='ocr_carea' id='block_1_4' title="bbox 61 453 1240 3830">
    <p class='ocr_par' dir='ltr' id='par_1_4' title="bbox 100 453 1178 995">
     <span class='ocr_line' id='line_1_4' title="bbox 100 453 1130 558; baseline -0.001 -24"><span class='ocrx_word' id='word_1_8' title='bbox 100 485 103 500; x_wconf 70' lang='grc'>’</span> <span class='ocrx_word' id='word_1_9' title='bbox 158 459 375 558; x_wconf 75' lang='lat' dir='ltr'>cataphraslis</span> <span class='ocrx_word' id='word_1_10' title='bbox 385 457 553 557; x_wconf 85' lang='lat' dir='ltr'>equitibus</span> <span class='ocrx_word' id='word_1_11' title='bbox 566 456 690 532; x_wconf 88' lang='lat' dir='ltr'>acriter</span> <span class='ocrx_word' id='word_1_12' title='bbox 711 456 916 532; x_wconf 75' lang='lat' dir='ltr'>restiterunt.</span> <span class='ocrx_word' id='word_1_13' title='bbox 929 457 1065 535; x_wconf 77' lang='lat' dir='ltr'>Deinde</span> <span class='ocrx_word' id='word_1_14' title='bbox 1078 453 1130 533; x_wconf 87' lang='lat' dir='ltr'>le·</span> 
     </span>
     <span class='ocr_line' id='line_1_5' title="bbox 159 565 1178 668; baseline 0.001 -27"><span class='ocrx_word' id='word_1_15' title='bbox 159 565 278 668; x_wconf 84' lang='lat' dir='ltr'>&#39;giones</span> <span class='ocrx_word' id='word_1_16' title='bbox 295 567 475 650; x_wconf 84' lang='lat' dir='ltr'>Joviorum</span> <span class='ocrx_word' id='word_1_17' title='bbox 494 583 594 663; x_wconf 90' lang='lat' dir='ltr'>atque</span> <span class='ocrx_word' id='word_1_18' title='bbox 609 566 788 653; x_wconf 69' lang='lat' dir='ltr'>Vidlorum</span> <span class='ocrx_word' id='word_1_19' title='bbox 811 566 1043 644; x_wconf 79' lang='lat' dir='ltr'>laborantibus</span> <span class='ocrx_word' id='word_1_20' title='bbox 1060 567 1129 643; x_wconf 89' lang='lat' dir='ltr'>suis</span> <span class='ocrx_word' id='word_1_21' title='bbox 1175 577 1178 590; x_wconf 91' lang='lat'>&#39;</span> 
     </span>
     <span class='ocr_line' id='line_1_6' title="bbox 158 675 1129 772; baseline 0.005 -22"><span class='ocrx_word' id='word_1_22' title='bbox 158 677 304 752; x_wconf 84' lang='lat' dir='ltr'>serentes</span> <span class='ocrx_word' id='word_1_23' title='bbox 324 675 489 750; x_wconf 88' lang='lat' dir='ltr'>auxilium</span> <span class='ocrx_word' id='word_1_24' title='bbox 506 675 732 772; x_wconf 87' lang='lat' dir='ltr'>,elephantos</span> <span class='ocrx_word' id='word_1_25' title='bbox 744 676 831 750; x_wconf 89' lang='lat' dir='ltr'>duos</span> <span class='ocrx_word' id='word_1_26' title='bbox 845 675 1036 765; x_wconf 76' lang='lat' dir='ltr'>straverunt</span> <span class='ocrx_word' id='word_1_27' title='bbox 1049 696 1129 756; x_wconf 86' lang='lat' dir='ltr'>cum</span> 
     </span>
     <span class='ocr_line' id='line_1_7' title="bbox 158 782 1175 897; baseline 0.003 -37"><span class='ocrx_word' id='word_1_28' title='bbox 158 784 308 861; x_wconf 87' lang='lat' dir='ltr'>hoslium</span> <span class='ocrx_word' id='word_1_29' title='bbox 331 784 430 882; x_wconf 86' lang='lat' dir='ltr'>plebe</span> <span class='ocrx_word' id='word_1_30' title='bbox 452 805 525 856; x_wconf 90' lang='lat' dir='ltr'>non</span> <span class='ocrx_word' id='word_1_31' title='bbox 545 807 651 880; x_wconf 89' lang='lat' dir='ltr'>parva</span> <span class='ocrx_word' id='word_1_32' title='bbox 665 810 674 855; x_wconf 81' lang='lat' dir='ltr'>t</span> <span class='ocrx_word' id='word_1_33' title='bbox 688 786 727 858; x_wconf 91' lang='lat'>&amp;</span> <span class='ocrx_word' id='word_1_34' title='bbox 748 782 784 856; x_wconf 91' lang='lat' dir='ltr'>in</span> <span class='ocrx_word' id='word_1_35' title='bbox 799 784 892 859; x_wconf 80' lang='lat' dir='ltr'>laevo</span> <span class='ocrx_word' id='word_1_36' title='bbox 915 784 1045 882; x_wconf 86' lang='lat' dir='ltr'>proelio</span> <span class='ocrx_word' id='word_1_37' title='bbox 1060 785 1129 862; x_wconf 90' lang='lat' dir='ltr'>viri</span> <span class='ocrx_word' id='word_1_38' title='bbox 1172 872 1175 897; x_wconf 42' lang='grc' dir='ltr'>Ι</span> 
     </span>
     <span class='ocr_line' id='line_1_8' title="bbox 159 881 1129 995; baseline 0.006 -27"><span class='ocrx_word' id='word_1_39' title='bbox 159 897 291 993; x_wconf 87' lang='lat' dir='ltr'>periere</span> <span class='ocrx_word' id='word_1_40' title='bbox 312 891 503 981; x_wconf 84' lang='lat' dir='ltr'>sortiffimi,</span> <span class='ocrx_word' id='word_1_41' title='bbox 518 891 687 983; x_wconf 85' lang='lat' dir='ltr'>Julianus,</span> <span class='ocrx_word' id='word_1_42' title='bbox 704 892 742 995; x_wconf 78' lang='lat' dir='ltr'>dc</span> <span class='ocrx_word' id='word_1_43' title='bbox 760 881 976 977; x_wconf 82' lang='lat' dir='ltr'>Macrobius,</span> <span class='ocrx_word' id='word_1_44' title='bbox 999 898 1038 971; x_wconf 89' lang='lat'><strong>&amp;</strong></span> <span class='ocrx_word' id='word_1_45' title='bbox 1050 901 1129 974; x_wconf 88' lang='lat' dir='ltr'>Ma·</span> 
     </span>
    </p>

    <p class='ocr_par' dir='ltr' id='par_1_5' title="bbox 99 1001 1157 1320">
     <span class='ocr_line' id='line_1_9' title="bbox 99 1001 1157 1103; baseline 0.008 -26"><span class='ocrx_word' id='word_1_46' title='bbox 99 1093 102 1102; x_wconf 16' lang='lat' dir='ltr'>k</span> <span class='ocrx_word' id='word_1_47' title='bbox 160 1004 274 1079; x_wconf 86' lang='lat' dir='ltr'>ximus</span> <span class='ocrx_word' id='word_1_48' title='bbox 283 1001 455 1102; x_wconf 86' lang='lat' dir='ltr'>legionum</span> <span class='ocrx_word' id='word_1_49' title='bbox 469 1001 619 1102; x_wconf 77' lang='lat' dir='ltr'>tribuni,</span> <span class='ocrx_word' id='word_1_50' title='bbox 633 1024 712 1099; x_wconf 80' lang='lat' dir='ltr'>quae</span> <span class='ocrx_word' id='word_1_51' title='bbox 720 1021 802 1075; x_wconf 90' lang='lat' dir='ltr'>tunc</span> <span class='ocrx_word' id='word_1_52' title='bbox 820 1002 949 1103; x_wconf 83' lang='lat' dir='ltr'>primas</span> <span class='ocrx_word' id='word_1_53' title='bbox 960 1008 1129 1084; x_wconf 82' lang='lat' dir='ltr'>exercitus</span> <span class='ocrx_word' id='word_1_54' title='bbox 1155 1054 1157 1063; x_wconf 30' lang='lat' dir='ltr'>t</span> 
     </span>
     <span class='ocr_line' id='line_1_10' title="bbox 162 1108 1132 1216; baseline 0.008 -30"><span class='ocrx_word' id='word_1_55' title='bbox 162 1113 375 1188; x_wconf 80' lang='lat' dir='ltr'>obtinebant.</span> <span class='ocrx_word' id='word_1_56' title='bbox 390 1112 517 1212; x_wconf 83' lang='lat' dir='ltr'>Hisque</span> <span class='ocrx_word' id='word_1_57' title='bbox 531 1108 690 1210; x_wconf 84' lang='lat' dir='ltr'><strong>sepultis,</strong></span> <span class='ocrx_word' id='word_1_58' title='bbox 706 1131 745 1186; x_wconf 93' lang='lat' dir='ltr'>ut</span> <span class='ocrx_word' id='word_1_59' title='bbox 757 1137 869 1187; x_wconf 89' lang='lat' dir='ltr'>rerum</span> <span class='ocrx_word' id='word_1_60' title='bbox 882 1116 1041 1212; x_wconf 80' lang='lat' dir='ltr'>angustiae</span> <span class='ocrx_word' id='word_1_61' title='bbox 1054 1145 1132 1216; x_wconf 87' lang='lat' dir='ltr'>per·</span> 
     </span>
     <span class='ocr_line' id='line_1_11' title="bbox 160 1221 1129 1320; baseline 0.006 -21"><span class='ocrx_word' id='word_1_62' title='bbox 160 1223 352 1315; x_wconf 88' lang='lat' dir='ltr'>miserunt,</span> <span class='ocrx_word' id='word_1_63' title='bbox 370 1245 479 1320; x_wconf 81' lang='lat' dir='ltr'>prope</span> <span class='ocrx_word' id='word_1_64' title='bbox 498 1221 648 1298; x_wconf 87' lang='lat' dir='ltr'>confinia</span> <span class='ocrx_word' id='word_1_65' title='bbox 667 1223 779 1298; x_wconf 81' lang='lat' dir='ltr'>nouis</span> <span class='ocrx_word' id='word_1_66' title='bbox 792 1249 870 1298; x_wconf 90' lang='lat' dir='ltr'>cum</span> <span class='ocrx_word' id='word_1_67' title='bbox 889 1226 933 1298; x_wconf 93' lang='lat' dir='ltr'>ad</span> <span class='ocrx_word' id='word_1_68' title='bbox 955 1227 1129 1305; x_wconf 87' lang='lat' dir='ltr'>caslellum</span> 
     </span>
    </p>

    <p class='ocr_par' dir='ltr' id='par_1_6' title="bbox 115 1329 1192 1980">
     <span class='ocr_line' id='line_1_12' title="bbox 115 1329 1130 1428; baseline 0.005 -21"><span class='ocrx_word' id='word_1_69' title='bbox 115 1409 117 1416; x_wconf 82' lang='lat'>.</span> <span class='ocrx_word' id='word_1_70' title='bbox 161 1336 300 1407; x_wconf 85' lang='lat' dir='ltr'>Sumere</span> <span class='ocrx_word' id='word_1_71' title='bbox 325 1330 467 1402; x_wconf 91' lang='lat' dir='ltr'>nomine</span> <span class='ocrx_word' id='word_1_72' title='bbox 489 1329 566 1404; x_wconf 89' lang='lat' dir='ltr'>citis</span> <span class='ocrx_word' id='word_1_73' title='bbox 587 1329 730 1426; x_wconf 86' lang='lat' dir='ltr'>paffibus</span> <span class='ocrx_word' id='word_1_74' title='bbox 748 1331 985 1427; x_wconf 79' lang='lat' dir='ltr'>tenderemus,</span> <span class='ocrx_word' id='word_1_75' title='bbox 1013 1330 1130 1428; x_wconf 85' lang='lat' dir='ltr'>jacens</span> 
     </span>
     <span class='ocr_line' id='line_1_13' title="bbox 162 1437 1144 1544; baseline 0.001 -27"><span class='ocrx_word' id='word_1_76' title='bbox 162 1438 314 1518; x_wconf 77' lang='lat' dir='ltr'>Anatolii</span> <span class='ocrx_word' id='word_1_77' title='bbox 328 1462 452 1536; x_wconf 91' lang='lat' dir='ltr'>corpus</span> <span class='ocrx_word' id='word_1_78' title='bbox 462 1438 510 1512; x_wconf 84' lang='lat' dir='ltr'>est</span> <span class='ocrx_word' id='word_1_79' title='bbox 519 1437 691 1538; x_wconf 85' lang='lat' dir='ltr'>agnitum,</span> <span class='ocrx_word' id='word_1_80' title='bbox 707 1439 803 1536; x_wconf 90' lang='lat' dir='ltr'>quod</span> <span class='ocrx_word' id='word_1_81' title='bbox 816 1441 1033 1517; x_wconf 86' lang='lat' dir='ltr'>tumultuaria</span> <span class='ocrx_word' id='word_1_82' title='bbox 1046 1470 1144 1544; x_wconf 88' lang='lat' dir='ltr'>ope·-</span> 
     </span>
     <span class='ocr_line' id='line_1_14' title="bbox 161 1548 1130 1650; baseline 0.005 -23"><span class='ocrx_word' id='word_1_83' title='bbox 161 1579 201 1628; x_wconf 89' lang='lat' dir='ltr'>ra</span> <span class='ocrx_word' id='word_1_84' title='bbox 213 1572 311 1626; x_wconf 79' lang='lat' dir='ltr'>terrae</span> <span class='ocrx_word' id='word_1_85' title='bbox 324 1549 517 1628; x_wconf 88' lang='lat' dir='ltr'>mandatum</span> <span class='ocrx_word' id='word_1_86' title='bbox 529 1548 587 1624; x_wconf 86' lang='lat' dir='ltr'>est.</span> <span class='ocrx_word' id='word_1_87' title='bbox 600 1549 666 1624; x_wconf 88' lang='lat' dir='ltr'>Hic</span> <span class='ocrx_word' id='word_1_88' title='bbox 678 1552 717 1623; x_wconf 79' lang='grc' dir='ltr'>δι</span> <span class='ocrx_word' id='word_1_89' title='bbox 732 1549 854 1624; x_wconf 86' lang='lat' dir='ltr'>milites</span> <span class='ocrx_word' id='word_1_90' title='bbox 870 1548 1040 1650; x_wconf 80' lang='lat' dir='ltr'>sexaginta</span> <span class='ocrx_word' id='word_1_91' title='bbox 1051 1582 1130 1632; x_wconf 91' lang='lat' dir='ltr'>cum</span> 
     </span>
     <span class='ocr_line' id='line_1_15' title="bbox 163 1662 1131 1765; baseline 0.006 -26"><span class='ocrx_word' id='word_1_92' title='bbox 163 1665 319 1765; x_wconf 80' lang='lat' dir='ltr'>palatinis</span> <span class='ocrx_word' id='word_1_93' title='bbox 339 1663 553 1760; x_wconf 89' lang='lat' dir='ltr'>recepimus,</span> <span class='ocrx_word' id='word_1_94' title='bbox 567 1687 655 1760; x_wconf 89' lang='lat' dir='ltr'>quos</span> <span class='ocrx_word' id='word_1_95' title='bbox 673 1662 710 1736; x_wconf 89' lang='lat' dir='ltr'>in</span> <span class='ocrx_word' id='word_1_96' title='bbox 733 1662 982 1743; x_wconf 85' lang='lat' dir='ltr'>munimentum</span> <span class='ocrx_word' id='word_1_97' title='bbox 997 1671 1131 1746; x_wconf 85' lang='lat' dir='ltr'>Vacca·</span> 
     </span>
     <span class='ocr_line' id='line_1_16' title="bbox 164 1772 1192 1877; baseline 0.003 -27"><span class='ocrx_word' id='word_1_98' title='bbox 164 1799 237 1850; x_wconf 89' lang='lat' dir='ltr'>rum</span> <span class='ocrx_word' id='word_1_99' title='bbox 263 1773 448 1870; x_wconf 76' lang='lat' dir='ltr'>confugisse</span> <span class='ocrx_word' id='word_1_100' title='bbox 475 1772 660 1847; x_wconf 85' lang='lat' dir='ltr'>retulimus.</span> <span class='ocrx_word' id='word_1_101' title='bbox 687 1774 813 1845; x_wconf 91' lang='lat' dir='ltr'>Secuto</span> <span class='ocrx_word' id='word_1_102' title='bbox 838 1773 960 1852; x_wconf 88' lang='lat' dir='ltr'>deinde</span> <span class='ocrx_word' id='word_1_103' title='bbox 982 1776 1037 1850; x_wconf 92' lang='lat' dir='ltr'>die</span> <span class='ocrx_word' id='word_1_104' title='bbox 1064 1806 1130 1877; x_wconf 90' lang='lat' dir='ltr'>pro</span> <span class='ocrx_word' id='word_1_105' title='bbox 1190 1774 1192 1807; x_wconf 67' lang='lat'>¹</span> 
     </span>
     <span class='ocr_line' id='line_1_17' title="bbox 165 1880 1131 1980; baseline -0.001 -20"><span class='ocrx_word' id='word_1_106' title='bbox 165 1902 268 1980; x_wconf 91' lang='lat' dir='ltr'>captu</span> <span class='ocrx_word' id='word_1_107' title='bbox 298 1884 455 1954; x_wconf 90' lang='lat' dir='ltr'>locorum</span> <span class='ocrx_word' id='word_1_108' title='bbox 476 1899 608 1976; x_wconf 86' lang='lat' dir='ltr'>reperta</span> <span class='ocrx_word' id='word_1_109' title='bbox 631 1881 667 1953; x_wconf 88' lang='lat' dir='ltr'>in</span> <span class='ocrx_word' id='word_1_110' title='bbox 686 1881 778 1952; x_wconf 85' lang='lat' dir='ltr'>valle</span> <span class='ocrx_word' id='word_1_111' title='bbox 802 1880 906 1954; x_wconf 90' lang='lat' dir='ltr'>caslra</span> <span class='ocrx_word' id='word_1_112' title='bbox 925 1907 1131 1977; x_wconf 91' lang='lat' dir='ltr'>ponuntur,</span> 
     </span>
    </p>

    <p class='ocr_par' dir='ltr' id='par_1_7' title="bbox 61 1990 1240 2406">
     <span class='ocr_line' id='line_1_18' title="bbox 61 1990 1131 2086; baseline 0.002 -18"><span class='ocrx_word' id='word_1_113' title='bbox 61 2041 67 2068; x_wconf 83' lang='lat' dir='ltr'>t</span> <span class='ocrx_word' id='word_1_114' title='bbox 164 1995 261 2070; x_wconf 79' lang='lat' dir='ltr'>velut</span> <span class='ocrx_word' id='word_1_115' title='bbox 282 1990 406 2066; x_wconf 91' lang='lat' dir='ltr'>murali</span> <span class='ocrx_word' id='word_1_116' title='bbox 432 1992 560 2064; x_wconf 92' lang='lat' dir='ltr'>ambitu</span> <span class='ocrx_word' id='word_1_117' title='bbox 585 1990 852 2076; x_wconf 81' lang='lat' dir='ltr'>circumclausa,</span> <span class='ocrx_word' id='word_1_118' title='bbox 874 2008 996 2086; x_wconf 77' lang='lat' dir='ltr'>praeter</span> <span class='ocrx_word' id='word_1_119' title='bbox 1022 2020 1131 2070; x_wconf 88' lang='lat' dir='ltr'>unum</span> 
     </span>
     <span class='ocr_line' id='line_1_19' title="bbox 165 2101 1240 2201; baseline 0.001 -19"><span class='ocrx_word' id='word_1_120' title='bbox 165 2108 296 2191; x_wconf 84' lang='lat' dir='ltr'>exitum</span> <span class='ocrx_word' id='word_1_121' title='bbox 320 2103 532 2201; x_wconf 89' lang='lat' dir='ltr'>eundemque</span> <span class='ocrx_word' id='word_1_122' title='bbox 551 2117 724 2200; x_wconf 91' lang='lat' dir='ltr'>patentem</span> <span class='ocrx_word' id='word_1_123' title='bbox 740 2157 752 2190; x_wconf 91' lang='lat'>,</span> <span class='ocrx_word' id='word_1_124' title='bbox 767 2101 849 2176; x_wconf 91' lang='lat' dir='ltr'>undi</span> <span class='ocrx_word' id='word_1_125' title='bbox 875 2127 918 2176; x_wconf 90' lang='lat' dir='ltr'>tte</span> <span class='ocrx_word' id='word_1_126' title='bbox 936 2103 973 2176; x_wconf 90' lang='lat' dir='ltr'>in</span> <span class='ocrx_word' id='word_1_127' title='bbox 988 2108 1131 2183; x_wconf 88' lang='lat' dir='ltr'>modum</span> <span class='ocrx_word' id='word_1_128' title='bbox 1238 2148 1240 2161; x_wconf 82' lang='lat'><em>=</em></span> 
     </span>
     <span class='ocr_line' id='line_1_20' title="bbox 163 2127 1133 2311; baseline 0.001 -18"><span class='ocrx_word' id='word_1_129' title='bbox 163 2237 371 2293; x_wconf 88' lang='lat' dir='ltr'>mucronum</span> <span class='ocrx_word' id='word_1_130' title='bbox 392 2212 567 2310; x_wconf 81' lang='lat' dir='ltr'>praeacutis</span> <span class='ocrx_word' id='word_1_131' title='bbox 581 2211 715 2286; x_wconf 92' lang='lat' dir='ltr'>sudibus</span> <span class='ocrx_word' id='word_1_132' title='bbox 730 2209 818 2285; x_wconf 75' lang='lat' dir='ltr'>fixis.</span> <span class='ocrx_word' id='word_1_133' title='bbox 840 2127 986 2311; x_wconf 76' lang='lat' dir='ltr'>iiocque</span> <span class='ocrx_word' id='word_1_134' title='bbox 999 2216 1097 2308; x_wconf 84' lang='lat' dir='ltr'>viso,</span> <span class='ocrx_word' id='word_1_135' title='bbox 1112 2246 1133 2294; x_wconf 91' lang='lat' dir='ltr'>e</span> 
     </span>
     <span class='ocr_line' id='line_1_21' title="bbox 166 2315 1170 2406; baseline 0.001 -5"><span class='ocrx_word' id='word_1_136' title='bbox 166 2325 304 2402; x_wconf 88' lang='lat' dir='ltr'>saltibus</span> <span class='ocrx_word' id='word_1_137' title='bbox 324 2346 389 2396; x_wconf 92' lang='lat' dir='ltr'>nos</span> <span class='ocrx_word' id='word_1_138' title='bbox 416 2321 527 2396; x_wconf 87' lang='lat' dir='ltr'>hostes</span> <span class='ocrx_word' id='word_1_139' title='bbox 551 2320 744 2396; x_wconf 81' lang='lat' dir='ltr'>diversitate</span> <span class='ocrx_word' id='word_1_140' title='bbox 765 2321 935 2406; x_wconf 89' lang='lat' dir='ltr'>telorum,</span> <span class='ocrx_word' id='word_1_141' title='bbox 954 2349 994 2398; x_wconf 90' lang='lat' dir='ltr'>ac</span> <span class='ocrx_word' id='word_1_142' title='bbox 1010 2329 1134 2403; x_wconf 83' lang='lat' dir='ltr'>-verbis</span> <span class='ocrx_word' id='word_1_143' title='bbox 1153 2315 1170 2335; x_wconf 43' lang='lat'>³</span> 
     </span>
    </p>

    <p class='ocr_par' dir='ltr' id='par_1_8' title="bbox 109 2427 1206 2855">
     <span class='ocr_line' id='line_1_22' title="bbox 109 2427 1146 2530; baseline -0.001 -21"><span class='ocrx_word' id='word_1_144' title='bbox 109 2445 111 2452; x_wconf 89' lang='lat'>&#39;</span> <span class='ocrx_word' id='word_1_145' title='bbox 142 2481 145 2485; x_wconf 84' lang='lat'><em>-</em></span> <span class='ocrx_word' id='word_1_146' title='bbox 166 2433 322 2530; x_wconf 89' lang='lat' dir='ltr'>turpibus</span> <span class='ocrx_word' id='word_1_147' title='bbox 342 2429 547 2504; x_wconf 83' lang='lat' dir='ltr'>incessebant</span> <span class='ocrx_word' id='word_1_148' title='bbox 559 2483 570 2520; x_wconf 94' lang='lat'>,</span> <span class='ocrx_word' id='word_1_149' title='bbox 582 2449 623 2502; x_wconf 93' lang='lat' dir='ltr'>ut</span> <span class='ocrx_word' id='word_1_150' title='bbox 641 2427 790 2526; x_wconf 85' lang='lat' dir='ltr'>persidos</span> <span class='ocrx_word' id='word_1_151' title='bbox 802 2431 841 2503; x_wconf 91' lang='lat'>&amp;</span> <span class='ocrx_word' id='word_1_152' title='bbox 857 2429 1021 2504; x_wconf 73' lang='lat' dir='ltr'>lesliffimi</span> <span class='ocrx_word' id='word_1_153' title='bbox 1036 2435 1146 2523; x_wconf 50' lang='lat' dir='ltr'>Prins</span> 
     </span>
     <span class='ocr_line' id='line_1_23' title="bbox 168 2531 1196 2641; baseline 0.001 -25"><span class='ocrx_word' id='word_1_154' title='bbox 168 2542 254 2638; x_wconf 89' lang='lat' dir='ltr'>cipis</span> <span class='ocrx_word' id='word_1_155' title='bbox 274 2535 504 2636; x_wconf 81' lang='lat' dir='ltr'>peremtores:</span> <span class='ocrx_word' id='word_1_156' title='bbox 527 2536 703 2610; x_wconf 88' lang='lat' dir='ltr'>audierant</span> <span class='ocrx_word' id='word_1_157' title='bbox 723 2537 816 2611; x_wconf 87' lang='lat' dir='ltr'>enim</span> <span class='ocrx_word' id='word_1_158' title='bbox 831 2537 893 2632; x_wconf 81' lang='lat' dir='ltr'>ipsi</span> <span class='ocrx_word' id='word_1_159' title='bbox 917 2531 1057 2641; x_wconf 81' lang='lat' dir='ltr'>qu&#39;oque</span> <span class='ocrx_word' id='word_1_160' title='bbox 1078 2567 1136 2617; x_wconf 90' lang='lat' dir='ltr'>re·</span> <span class='ocrx_word' id='word_1_161' title='bbox 1192 2577 1196 2586; x_wconf 93' lang='lat'><em>·</em></span> 
     </span>
     <span class='ocr_line' id='line_1_24' title="bbox 168 2643 1206 2746; baseline 0.001 -21"><span class='ocrx_word' id='word_1_162' title='bbox 168 2649 358 2725; x_wconf 89' lang='lat' dir='ltr'>serentibus</span> <span class='ocrx_word' id='word_1_163' title='bbox 380 2646 582 2746; x_wconf 83' lang='lat' dir='ltr'>transfugis,</span> <span class='ocrx_word' id='word_1_164' title='bbox 596 2671 734 2722; x_wconf 90' lang='lat' dir='ltr'>rumore</span> <span class='ocrx_word' id='word_1_165' title='bbox 756 2643 878 2741; x_wconf 73' lang='lat' dir='ltr'>iaslato</span> <span class='ocrx_word' id='word_1_166' title='bbox 902 2647 1060 2739; x_wconf 88' lang='lat' dir='ltr'>incerto,</span> <span class='ocrx_word' id='word_1_167' title='bbox 1078 2655 1135 2726; x_wconf 84' lang='lat' dir='ltr'>lu·</span> <span class='ocrx_word' id='word_1_168' title='bbox 1202 2680 1206 2693; x_wconf 72' lang='lat'><strong><em>¹</em></strong></span> 
     </span>
     <span class='ocr_line' id='line_1_25' title="bbox 167 2755 1138 2855; baseline 0.004 -22"><span class='ocrx_word' id='word_1_169' title='bbox 167 2757 296 2834; x_wconf 87' lang='lat' dir='ltr'>lianutn</span> <span class='ocrx_word' id='word_1_170' title='bbox 316 2755 387 2830; x_wconf 92' lang='lat' dir='ltr'>telo</span> <span class='ocrx_word' id='word_1_171' title='bbox 408 2755 560 2830; x_wconf 78' lang='lat' dir='ltr'>cecidisse</span> <span class='ocrx_word' id='word_1_172' title='bbox 581 2757 754 2828; x_wconf 84' lang='lat' dir='ltr'>Romano.</span> <span class='ocrx_word' id='word_1_173' title='bbox 774 2755 853 2827; x_wconf 77' lang='lat' dir='ltr'>nuti</span> <span class='ocrx_word' id='word_1_174' title='bbox 874 2756 1023 2855; x_wconf 88' lang='lat' dir='ltr'>denique</span> <span class='ocrx_word' id='word_1_175' title='bbox 1048 2760 1138 2836; x_wconf 86' lang='lat' dir='ltr'>inter</span> 
     </span>
    </p>

    <p class='ocr_par' dir='ltr' id='par_1_9' title="bbox 105 2862 1139 3072">
     <span class='ocr_line' id='line_1_26' title="bbox 105 2862 1139 2966; baseline -0.008 -27"><span class='ocrx_word' id='word_1_176' title='bbox 105 2958 107 2966; x_wconf 16' lang='grc' dir='ltr'><strong><em>γ</em></strong></span> <span class='ocrx_word' id='word_1_177' title='bbox 168 2866 245 2940; x_wconf 79' lang='lat' dir='ltr'>lraec</span> <span class='ocrx_word' id='word_1_178' title='bbox 261 2862 411 2961; x_wconf 89' lang='lat' dir='ltr'>equitum</span> <span class='ocrx_word' id='word_1_179' title='bbox 425 2862 548 2954; x_wconf 89' lang='lat' dir='ltr'>cunei,</span> <span class='ocrx_word' id='word_1_180' title='bbox 563 2884 662 2960; x_wconf 85' lang='lat' dir='ltr'>porta</span> <span class='ocrx_word' id='word_1_181' title='bbox 684 2864 1040 2960; x_wconf 81' lang='lat' dir='ltr'>perruptapraeroria,</span> <span class='ocrx_word' id='word_1_182' title='bbox 1054 2895 1139 2966; x_wconf 90' lang='lat' dir='ltr'>pro.</span> 
     </span>
     <span class='ocr_line' id='line_1_27' title="bbox 169 2971 1139 3072; baseline 0.001 -25"><span class='ocrx_word' id='word_1_183' title='bbox 169 2997 214 3072; x_wconf 92' lang='lat' dir='ltr'>pe</span> <span class='ocrx_word' id='word_1_184' title='bbox 239 2971 622 3070; x_wconf 88' lang='lat' dir='ltr'>ipsumtabernaculum</span> <span class='ocrx_word' id='word_1_185' title='bbox 643 2971 810 3068; x_wconf 84' lang='lat' dir='ltr'>Principis</span> <span class='ocrx_word' id='word_1_186' title='bbox 830 2972 1016 3048; x_wconf 82' lang='lat' dir='ltr'>adveniret</span> <span class='ocrx_word' id='word_1_187' title='bbox 1045 2980 1139 3054; x_wconf 89' lang='lat' dir='ltr'>occi·</span> 
     </span>
    </p>

    <p class='ocr_par' dir='ltr' id='par_1_10' title="bbox 79 3079 1176 3830">
     <span class='ocr_line' id='line_1_28' title="bbox 79 3079 1138 3180; baseline 0.005 -22"><span class='ocrx_word' id='word_1_188' title='bbox 79 3083 81 3092; x_wconf 76' lang='grc'>’</span> <span class='ocrx_word' id='word_1_189' title='bbox 170 3083 211 3158; x_wconf 82' lang='lat' dir='ltr'>fis</span> <span class='ocrx_word' id='word_1_190' title='bbox 240 3082 354 3157; x_wconf 86' lang='lat' dir='ltr'>multis</span> <span class='ocrx_word' id='word_1_191' title='bbox 381 3081 519 3155; x_wconf 88' lang='lat' dir='ltr'>suorum</span> <span class='ocrx_word' id='word_1_192' title='bbox 550 3083 589 3156; x_wconf 78' lang='grc' dir='ltr'>δι</span> <span class='ocrx_word' id='word_1_193' title='bbox 616 3079 824 3173; x_wconf 89' lang='lat' dir='ltr'>vulneratis,</span> <span class='ocrx_word' id='word_1_194' title='bbox 842 3083 880 3154; x_wconf 87' lang='lat' dir='ltr'>vi</span> <span class='ocrx_word' id='word_1_195' title='bbox 909 3084 1030 3180; x_wconf 84' lang='lat' dir='ltr'>repulfi</span> <span class='ocrx_word' id='word_1_196' title='bbox 1061 3089 1138 3163; x_wconf 92' lang='lat' dir='ltr'>sunt</span> 
     </span>
     <span class='ocr_line' id='line_1_29' title="bbox 171 3191 1139 3292; baseline 0.005 -24"><span class='ocrx_word' id='word_1_197' title='bbox 171 3218 299 3292; x_wconf 82' lang='lat' dir='ltr'>magna.</span> <span class='ocrx_word' id='word_1_198' title='bbox 324 3191 447 3291; x_wconf 78' lang='lat' dir='ltr'>Egressi</span> <span class='ocrx_word' id='word_1_199' title='bbox 469 3191 617 3281; x_wconf 86' lang='lat' dir='ltr'>exinde,</span> <span class='ocrx_word' id='word_1_200' title='bbox 642 3192 801 3289; x_wconf 83' lang='lat' dir='ltr'>proxima</span> <span class='ocrx_word' id='word_1_201' title='bbox 822 3192 923 3266; x_wconf 75' lang='lat' dir='ltr'>nosle</span> <span class='ocrx_word' id='word_1_202' title='bbox 944 3195 1139 3273; x_wconf 87' lang='lat' dir='ltr'>Charcham</span> 
     </span>
     <span class='ocr_line' id='line_1_30' title="bbox 173 3299 1140 3406; baseline 0.004 -30"><span class='ocrx_word' id='word_1_203' title='bbox 173 3299 421 3395; x_wconf 82' lang='lat' dir='ltr'>occupavimus</span> <span class='ocrx_word' id='word_1_204' title='bbox 439 3299 580 3392; x_wconf 84' lang='lat' dir='ltr'>locum:</span> <span class='ocrx_word' id='word_1_205' title='bbox 599 3299 678 3372; x_wconf 87' lang='lat' dir='ltr'>ideo</span> <span class='ocrx_word' id='word_1_206' title='bbox 697 3302 764 3374; x_wconf 90' lang='lat' dir='ltr'>tuti</span> <span class='ocrx_word' id='word_1_207' title='bbox 776 3355 787 3391; x_wconf 96' lang='lat'>,</span> <span class='ocrx_word' id='word_1_208' title='bbox 800 3302 895 3398; x_wconf 90' lang='lat' dir='ltr'>quod</span> <span class='ocrx_word' id='word_1_209' title='bbox 909 3301 1059 3399; x_wconf 85' lang='lat' dir='ltr'>riparum</span> <span class='ocrx_word' id='word_1_210' title='bbox 1079 3331 1140 3406; x_wconf 82' lang='lat' dir='ltr'>ag·</span> 
     </span>
     <span class='ocr_line' id='line_1_31' title="bbox 172 3408 1176 3511; baseline 0.007 -29"><span class='ocrx_word' id='word_1_211' title='bbox 172 3409 308 3511; x_wconf 83' lang='lat' dir='ltr'>geribus</span> <span class='ocrx_word' id='word_1_212' title='bbox 323 3411 469 3500; x_wconf 83' lang='lat' dir='ltr'>humana</span> <span class='ocrx_word' id='word_1_213' title='bbox 482 3435 585 3484; x_wconf 92' lang='lat' dir='ltr'>manu</span> <span class='ocrx_word' id='word_1_214' title='bbox 598 3408 792 3501; x_wconf 60' lang='lat' dir='ltr'>delituistis,</span> <span class='ocrx_word' id='word_1_215' title='bbox 809 3436 850 3510; x_wconf 87' lang='lat' dir='ltr'>ne</span> <span class='ocrx_word' id='word_1_216' title='bbox 869 3411 1025 3487; x_wconf 85' lang='lat' dir='ltr'>Saraceni</span> <span class='ocrx_word' id='word_1_217' title='bbox 1040 3414 1151 3490; x_wconf 84' lang='lat' dir='ltr'>dein·¹</span> <span class='ocrx_word' id='word_1_218' title='bbox 1173 3494 1176 3499; x_wconf 67' lang='grc'>,</span> 
     </span>
     <span class='ocr_line' id='line_1_32' title="bbox 173 3514 1140 3632; baseline 0.001 -38"><span class='ocrx_word' id='word_1_219' title='bbox 173 3514 254 3615; x_wconf 88' lang='lat' dir='ltr'>ceps</span> <span class='ocrx_word' id='word_1_220' title='bbox 268 3518 433 3617; x_wconf 82' lang='lat' dir='ltr'>Assyriam</span> <span class='ocrx_word' id='word_1_221' title='bbox 446 3519 682 3615; x_wconf 89' lang='lat' dir='ltr'>persultarent,</span> <span class='ocrx_word' id='word_1_222' title='bbox 698 3518 893 3603; x_wconf 76' lang='lat' dir='ltr'>nostrorum</span> <span class='ocrx_word' id='word_1_223' title='bbox 911 3522 1044 3632; x_wconf 76' lang='lat' dir='ltr'>agmina</span> <span class='ocrx_word' id='word_1_224' title='bbox 1059 3524 1140 3597; x_wconf 89' lang='lat' dir='ltr'>nul·</span> 
     </span>
     <span class='ocr_line' id='line_1_33' title="bbox 173 3628 1137 3728; baseline 0.005 -26"><span class='ocrx_word' id='word_1_225' title='bbox 173 3631 226 3702; x_wconf 88' lang='lat' dir='ltr'>lus</span> <span class='ocrx_word' id='word_1_226' title='bbox 238 3681 249 3719; x_wconf 93' lang='lat'>,</span> <span class='ocrx_word' id='word_1_227' title='bbox 261 3645 299 3702; x_wconf 94' lang='lat' dir='ltr'>ut</span> <span class='ocrx_word' id='word_1_228' title='bbox 316 3645 395 3700; x_wconf 88' lang='lat' dir='ltr'>ante</span> <span class='ocrx_word' id='word_1_229' title='bbox 408 3681 419 3719; x_wconf 90' lang='lat'>,</span> <span class='ocrx_word' id='word_1_230' title='bbox 434 3628 588 3704; x_wconf 87' lang='lat' dir='ltr'>vexabat.</span> <span class='ocrx_word' id='word_1_231' title='bbox 602 3631 761 3728; x_wconf 91' lang='lat' dir='ltr'>Cumque</span> <span class='ocrx_word' id='word_1_232' title='bbox 776 3632 830 3715; x_wconf 83' lang='lat' dir='ltr'>his</span> <span class='ocrx_word' id='word_1_233' title='bbox 855 3628 1022 3706; x_wconf 82' lang='lat' dir='ltr'>Kalendis</span> <span class='ocrx_word' id='word_1_234' title='bbox 1039 3635 1056 3709; x_wconf 88' lang='lat' dir='ltr'>J</span> <span class='ocrx_word' id='word_1_235' title='bbox 1061 3634 1137 3707; x_wconf 86' lang='lat' dir='ltr'>uliis</span> 
     </span>
     <span class='ocr_line' id='line_1_34' title="bbox 173 3729 1138 3830; baseline 0.008 -20"><span class='ocrx_word' id='word_1_236' title='bbox 173 3735 288 3826; x_wconf 82' lang='lat' dir='ltr'>stadiis</span> <span class='ocrx_word' id='word_1_237' title='bbox 309 3754 395 3810; x_wconf 83' lang='lat' dir='ltr'>xxx</span> <span class='ocrx_word' id='word_1_238' title='bbox 424 3733 616 3830; x_wconf 69' lang='lat' dir='ltr'>confessis,</span> <span class='ocrx_word' id='word_1_239' title='bbox 642 3737 816 3818; x_wconf 87' lang='lat' dir='ltr'>civitatem</span> <span class='ocrx_word' id='word_1_240' title='bbox 839 3739 981 3812; x_wconf 88' lang='lat' dir='ltr'>nomine</span> <span class='ocrx_word' id='word_1_241' title='bbox 1003 3729 1138 3818; x_wconf 75' lang='lat' dir='ltr'>Duram</span> 
     </span>
    </p>
   </div>
   <div class='ocr_carea' id='block_1_5' title="bbox 876 3849 961 3922">
    <p class='ocr_par' dir='ltr' id='par_1_11' title="bbox 876 3849 961 3922">
     <span class='ocr_line' id='line_1_35' title="bbox 876 3849 961 3922; baseline -0.012 0"><span class='ocrx_word' id='word_1_242' title='bbox 876 3849 961 3922; x_wconf 75' lang='lat' dir='ltr'>Da</span> 
     </span>
    </p>
   </div>
   <div class='ocr_carea' id='block_1_6' title="bbox 0 0 1411 4284">
    <p class='ocr_par' dir='ltr' id='par_1_12' title="bbox 0 0 1411 4284">
     <span class='ocr_line' id='line_1_36' title="bbox 0 0 1411 4284; baseline 0 0"><span class='ocrx_word' id='word_1_243' title='bbox 0 0 1411 4284; x_wconf 95' lang='lat' dir='ltr'> </span> 
     </span>
    </p>
   </div>
  </div>
 </body>
</html>
