2775 4284
231 321 233 324 v
348 210 523 287 neuun
537 208 815 316 casatum
812 142 900 288 ua.
928 216 1062 291 xxvi.
1109 217 1219 318 ιφ

216 371 414 469 composita,
432 372 583 467 restabat,
598 394 635 450 ut
644 374 818 451 abundans
832 394 1019 475 cogeretur
1030 375 1179 453 militum

218 506 358 557 manus·
382 483 448 574 &
439 502 651 583 tmpetratum
674 487 723 561 est
747 486 870 578 facile,
888 486 922 559 id
942 488 1067 585 quod
1057 510 1094 561 tn
1115 514 1183 585 pu
1281 527 1290 533 -

217 590 314 665 blicis
333 593 554 667 turbamentis
576 594 752 695 aliquoties
771 596 878 680 ausa
869 596 1181 697 ingentia,ve11u-

214 700 269 778 stra
281 696 400 778 exorsa
414 703 610 801 prtmordns
621 707 812 803 impedivit
818 705 1053 780 Transeuntes
1062 708 1178 779 ad
1110 732 1178 779 ex
1215 796 1219 805 Ι
1280 750 1284 756 -

213 814 423 911 peditionem
441 839 501 911 pet
521 804 688 890 Thracias
708 815 888 891 concitata
908 815 1061 912 equitum
1085 818 1181 913 pedi

143 1004 146 1009 Α
213 938 354 1021 tumque
377 936 498 995 turma·
512 974 530 1011 ,a
546 922 737 1022 blandeque
764 942 913 1021 acceptae
937 923 1182 1007 &liberaliter
1231 957 1235 963 ·

214 1055 294 1105 cum
311 1028 434 1123 essent,
447 1032 633 1131 omnesque
651 1034 806 1115 inunum
825 1033 915 1125 litae,
927 1032 1063 1131 jamque
1080 1059 1181 1107 exet·
1226 1061 1230 1070 ·

213 1141 303 1215 citus
320 1140 451 1239 specicr
458 1161 634 1241 appareret
647 1170 657 1219 r
672 1143 840 1242 promiffis
855 1142 1034 1217 uberrimis
1046 1143 1180 1217 inhian-

212 1271 282 1344 tes,
295 1254 356 1328 sub
364 1254 656 1331 aestuationibus
667 1255 752 1333 ditis¹
761 1256 798 1328 in
811 1254 1083 1349 verbajuravere
1096 1256 1181 1329 Pro·

211 1363 328 1460 copii:
350 1363 438 1439 hanc
455 1362 607 1461 polliciti
628 1366 879 1463 pertinaciam,
895 1367 992 1463 quod
1011 1389 1092 1438 eutn
1112 1364 1179 1437 suis

157 1482 161 1489 '
208 1470 307 1543 armis
321 1470 554 1573 defensabant.
571 1477 714 1548 Inventa
736 1474 784 1547 est
805 1473 900 1547 enim
912 1472 1050 1547 occafio
1070 1474 1179 1557 adal-

210 1580 377 1655 lieiendos
392 1606 453 1661 eos
464 1606 625 1682 perquam
638 1601 863 1681 opportuna
877 1584 973 1682 quod
983 1581 1176 1655 Constantii

211 1684 313 1759 liliam
334 1689 535 1785 parvulam,
551 1688 649 1789 eujus
668 1691 864 1763 recordatio
881 1690 1082 1778 colebatur,
1101 1690 1177 1767 linu

209 1797 279 1894 ipse
299 1798 562 1889 circumferens,
584 1799 865 1873 neceffitudinem
882 1800 1111 1896 praetendebat
1137 1804 1177 1874 δι

209 1906 342 1983 ltdiani.
366 1854 582 2007 Adeptufqde
607 1908 654 1981 est
670 1891 762 1979 alind
781 1909 930 2004 tempori
957 1934 1175 2009 congruum,

208 2020 304 2117 'qnod
317 2011 471 2091 Faustina
485 2035 592 2096 matre
604 2016 726 2114 puella
737 2014 812 2089 ealit
827 2014 1009 2114 prasente,
1019 2019 1176 2127 quaedam

205 2146 381 2227 acceperat
399 2128 536 2203 habitus
552 2127 678 2234 inligna
699 2127 906 2224 principalis.
929 2126 1090 2225 Adjungit
1121 2128 1176 2203 hir
1312 2132 1316 2138 '

207 2240 300 2314 aliud
320 2240 440 2315 veloci·
455 2241 628 2342 diligentia
649 2238 882 2316 maturandum
898 2266 907 2311 :
922 2240 961 2312 δι
978 2238 1075 2311 εΙεὲὶὶ
1095 2241 1175 2337 qui·

207 2355 283 2427 dam
311 2354 492 2429 stoliditate
521 2355 716 2454 praecipites·
734 2356 779 2426 ad
796 2352 1030 2449 capeffendum
1055 2353 1174 2452 lllyri-
1279 2356 1284 2380 ³

187 2488 284 2537 ‚cunt
297 2464 381 2550 mim
398 2464 493 2553 mne,
507 2460 603 2537 nullo
622 2481 744 2560 praeter
758 2462 979 2559 petulantiam
996 2460 1172 2560 adjumen-

134 2620 148 2635 -
205 2592 244 2645 to
263 2568 529 2665 conbibentem
541 2573 666 2649 scilicet
679 2573 845 2645 nunnmos
857 2569 1024 2669 effigiatos
1040 2570 1170 2643 mauu
1201 2653 1205 2659 .

205 2702 276 2757 tum
294 2686 381 2761 noui
397 2684 582 2781 Principis,
598 2684 732 2782 aliaque
751 2683 797 2756 ad*
808 2681 983 2755 illecebras
997 2700 1172 2779 aptantes:

205 2818 294 2893 quos
312 2816 493 2891 correptos
511 2797 668 2894 Equitius
689 2820 749 2890 per
763 2819 819 2867 eas
842 2787 999 2891 regionee
1021 2792 1168 2893 militum

204 2904 315 2976 reclor
335 2904 495 2977 exstinxit
515 2930 638 3003 genere
649 2903 786 2979 diverso
798 2905 995 3000 poenarum
1006 2903 1169 3000 Pariaque

204 3012 325 3087 deinde
338 3032 490 3105 metuens
503 3068 514 3105 ,
525 3012 694 3089 obstruxit
711 3011 777 3089 tres
789 3012 1168 3111 aditus-angustiffimon,

204 3148 264 3219 per
288 3113 376 3221 quos
403 3125 598 3221 provincia
613 3143 790 3199 tentantur
802 3126 938 3199 Ardone
950 3178 970 3213 ,.
983 3150 1089 3197 ιιιιιιιιι
1104 3149 1169 3221 per

202 3232 365 3330 ripensem
381 3236 524 3309 Daciam
536 3287 547 3326 ‚
560 3236 705 3311 alterum
719 3261 780 3335 per
791 3235 1166 3325 Suceotnotiffitnutn,

136 3411 147 3442 ,
202 3342 340 3417 tertium
358 3368 417 3441 per
439 3348 668 3436 MacedonaS,
689 3374 790 3447 quem
809 3346 983 3450 appellant
1005 3344 1166 3419 Acontif·

200 3474 264 3523 tna.
290 3452 431 3549 Hacque
453 3456 599 3547 cautela,¹
615 3480 704 3530 vana
718 3454 931 3554 perluastone
952 3453 1103 3553 rapiendi
1119 3451 1165 3525 ll-

140 3614 147 3651 ,
198 3558 301 3660 lyrici
320 3562 497 3635 destitutus
507 3564 686 3662 usurpator
702 3566 867 3638 indebita·
879 3558 1074 3663 potestatis',
1090 3589 1163 3635 mas·
1222 3558 1230 3571 ’

199 3696 264 3770 gna
280 3671 432 3773 perdidit
459 3671 679 3750 instrumenta
702 3673 884 3749 bellorum
899 3676 998 3854 lPom
1017 3672 1093 3745 hac
1114 3670 1162 3743 ita

912 3836 915 3839 ⁴
948 3810 973 3874 4
