2775 4284
184 291 187 298 ·
276 273 453 348 -uuttutt
479 272 736 346 ousruuuu
762 273 839 344 rra.
863 271 992 346 xxiv.
1092 288 1133 366 9

59 497 63 503 .
169 451 311 534 quoque
337 463 380 510 ex
405 437 499 510 edito
520 461 620 510 arcus·
637 434 811 534 erigebant
835 434 970 508 fortiter
992 432 1130 507 tensos:

169 547 294 640 quibus
311 547 420 642 panda
438 546 595 644 utrinque
614 545 778 644 surgentia
793 570 924 618 cornua
944 545 989 616 ita
1008 542 1132 616 lentius

169 655 407 745 sledebantur,
424 675 463 729 ut
484 657 583 730 nervi
602 657 784 754 digitorum
801 655 864 729 atti
885 645 1035 754 pulsibus
1050 654 1134 727 vio·

162 763 270 837 dentis
289 765 470 838 arundines
489 763 627 837 serratas
642 767 854 852 emitterent,
872 791 951 864 quae
974 764 1134 860 corpori-v

122 905 126 908 ·
169 860 234 943 bus
258 872 353 944 illisae
380 872 559 948 contrariis
586 872 731 944 letaliter
752 871 952 970 figebantur.
977 872 1136 948 Dimica-

165 977 277 1053 batur
292 977 514 1059 nibilominus
535 979 720 1076 utrobique
746 978 903 1053 saxorum
927 979 1136 1052 manualium
1202 1066 1206 1082 ι

172 1087 323 1162 nimbis:
339 1092 378 1166 δι
398 1092 556 1165 neutrobi
570 1091 737 1166 inclinato
750 1109 952 1180 momento,
972 1090 1135 1186 proelium

173 1217 273 1272 atrox
296 1201 422 1277 alueis
448 1221 528 1276 ortu
552 1205 595 1276 ad
616 1203 751 1276 initium
775 1202 885 1275 nodis
903 1202 1136 1274 destinatione

171 1335 292 1408 magna
312 1313 539 1407 protradlum,
559 1307 632 1409 pa‘ri
653 1312 743 1385 sorte
767 1312 947 1384 diremtum
970 1311 1137 1385 esb'd’r'o-
1159 1317 1162 1322 ⁴

51 1510 53 1521 Ι
144 1473 150 1494 .
174 1416 253 1494 inde
274 1421 328 1493 die
350 1421 488 1511 securo,
510 1449 587 1496 cum
607 1439 789 1496 certaretur
803 1421 1006 1519 asperrime,
1020 1420 1138 1492 multi·

176 1554 241 1624 que
265 1530 485 1610 funderentur
511 1535 724 1619 altrinsecus,
750 1536 789 1607 &
811 1557 917 1630 aequae
940 1530 1029 1604 uires
1048 1527 1139 1627 gella

134 1629 138 1639 ⁴
178 1640 339 1718 librarent
352 1672 361 1718 t
374 1649 560 1742 Imperator
574 1647 787 1732 omnesaleae
803 1644 894 1718 casus
906 1643 995 1715 inter
1005 1661 1138 1715 mutuas
1163 1684 1165 1689 <

180 1750 292 1822 clades
310 1754 459 1850 experiri
473 1755 653 1843 festinans,
665 1755 835 1828 cttneatim
853 1753 1012 1848 stipatus,
1025 1752 1141 1824 densa·

181 1847 288 1950 risque
310 1861 441 1956 clypeis
461 1863 502 1932 ab
526 1865 594 1935 idu
618 1863 808 1958 sagittarum
828 1859 1001 1945 defensus,
1022 1855 1143 1931 veloci

182 1963 279 2052 saltu,
292 1967 702 2064 comitantibus'promtitt,
710 1976 820 2064 prope
830 1985 965 2062 portam
972 1963 1069 2035 venit
1079 1962 1146 2032 ho·

182 2073 311 2160 bilem,
338 2077 443 2150 crasso
471 2074 564 2148 fetro
595 2073 786 2148 crustatam.
815 2079 858 2148 Et
890 2072 969 2146 licet
991 2069 1077 2144 saxis
1106 2072 1147 2143 δι

162 2223 165 2227 .
183 2184 324 2281 glande,
338 2184 521 2294 ceterisque
537 2184 614 2258 telis
624 2209 701 2256 cum
717 2169 871 2280 periculo
884 2181 999 2257 salutis
1014 2180 1156 2279 preme-⁴

181 2313 298 2382 retur,
318 2291 471 2371 fodicare.
483 2313 600 2392 tamen·
612 2313 747 2391 paratos
762 2294 941 2368 valvarum
961 2291 1086 2380 latera,
1106 2305 1149 2364 ut
1173 2361 1176 2367 ,

184 2405 312 2477 aditum
343 2404 596 2502 patefacerent,
621 2407 769 2481 vocibus
796 2405 974 2501 increpans
1001 2394 1150 2491 crebris,
1269 2449 1271 2452 >
1298 2431 1299 2436 ¹

184 2539 257 2586 non
279 2533 362 2587 'aute
385 2515 549 2603 discellit,
572 2516 673 2612 quam
695 2513 842 2613 telorum
867 2511 1045 2608 congerie,
1061 2531 1150 2607 uptae
1269 2592 1272 2599 ¹

185 2620 551 2716 superjaciebantur,se
564 2621 630 2719 jam
646 2625 796 2696 cerneret
809 2619 1035 2692 obruendum.
1058 2619 1152 2690 Eva·
1210 2665 1217 2677 ·

186 2729 226 2802 stt
241 2753 316 2802 cum
338 2732 498 2806 omnibus
519 2739 632 2806 tameb
645 2731 791 2828 ‚paucis
805 2730 916 2803 levius
939 2727 1153 2816 vulneratis,

178 2834 256 2932 ,ipse
275 2838 460 2930 innoxius,
474 2840 813 2914 verecuntbrubore
835 2836 985 2910 suffusus.
1002 2839 1152 2933 'Legerat

185 2947 516 3037 enimAEmilimum
527 2949 735 3046 Scipionem,
747 2975 825 3022 cunt
838 2947 1052 3045 historiarum
1065 2969 1153 3020 con·
1250 2968 1256 2997 t

185 3058 299 3130 ditore
313 3059 466 3156 Polybio
481 3059 776 3156 Megalopolitano
792 3057 944 3145 Arcade,
958 3053 996 3129 dd
1013 3054 1152 3151 triginta

19 3247 23 3254 ,
134 3173 136 3177 ’
185 3167 369 3254 militibus,
392 3188 524 3264 portam
547 3168 760 3266 Carthaginis
781 3168 908 3264 impetu
928 3165 1026 3238 simili
1046 3164 1155 3237 suffo-'

106 3285 110 3304 ⁵
188 3273 280 3347 dille.
296 3276 361 3358 Sed
374 3274 456 3352 fides
478 3296 614 3372 recepta
635 3277 837 3374 scriptorum
859 3272 1015 3348 veterum
1033 3298 1153 3347 recens

188 3376 314 3458 saltum
335 3382 494 3458 defendit.
521 3384 720 3469 AEmilianus
732 3384 824 3474 euim
838 3381 1004 3455 testudine
1020 3381 1168 3478 lapidea

189 3485 310 3564 tedam
323 3489 518 3568 successerat
530 3497 663 3589 portam
678 3547 689 3581 ,
704 3493 770 3566 sub
786 3478 855 3588 qua
873 3491 1153 3579 tutus'&latens',

141 3637 144 3639 ·
190 3599 272 3672 dum
287 3600 394 3672 moles
406 3595 519 3674 'saxeas
533 3603 694 3702 detegunt
713 3600 825 3685 hostes
836 3594 978 3691 „urbem
993 3599 1153 3672 nudatam

189 3707 335 3808 irrupit:
352 3709 503 3788 Julianus
528 3735 614 3788 vero
630 3712 750 3814 locum
771 3720 943 3815 patentem
966 3704 1157 3808 aggressus,
