2775 4284
216 226 262 322 γε
376 229 626 306 inuitur
659 214 1013 308 uincuntur

92 473 98 490 Ι
213 409 287 464 tuta
313 415 357 464 ex
377 413 474 465 more
497 415 637 466 munera
659 392 803 488 praeberi
829 393 1018 484 deberent,
1042 392 1178 479 minora

213 507 253 578 δι
273 502 355 576 vilia
375 503 452 577 sunt
467 503 649 579 attributa:
667 530 746 601 quae
768 505 819 578 illi
839 503 1011 602 suscepta,
1026 503 1178 583 furenter

109 629 111 639 '
213 633 380 712 agentes,
409 635 449 688 ut
482 613 706 712 indignissima
740 615 927 712 projecere.
959 616 1178 714 Tractatique

213 725 359 822 asperius
381 725 424 800 ab
441 724 583 798 Ursacio
597 743 679 800 tunc
698 726 857 826 magistro
878 726 1096 817 officiorum,
1109 727 1180 801 ira⁴

213 841 329 913 cundo
343 837 491 934 quodam
511 841 548 910 &
569 836 684 928 saevo,
698 839 856 936 regreffi,
871 839 1065 937 latiumque
1077 863 1179 936 exag-

193 953 390 1050 gerentes,
413 964 452 1022 ut
474 948 722 1022 contumeliose
744 948 910 1044 despeslas
928 969 1044 1048 gentes
1057 948 1178 1021 imma·

212 1057 360 1130 nilfimas
380 1053 607 1128 concitarunt.
627 1057 670 1126 Et
686 1054 778 1130 circa
799 1049 1010 1152 id'tempus,
1022 1073 1082 1128 aut
1102 1077 1178 1126 non

47 1236 54 1254 ,
168 1183 176 1194 ‘
212 1165 324 1244 multo
345 1164 534 1262 posterius,
556 1163 592 1235 in
610 1163 754 1237 Oriente
776 1165 967 1260 Procopius
979 1165 1017 1236 in
1030 1188 1084 1238 res
1103 1163 1179 1235 sur·

211 1295 344 1356 rexerat
370 1300 505 1378 novae:
529 1295 606 1372 quae
631 1299 740 1370 prope
766 1275 937 1349 Kalendas
963 1272 1177 1348 Novembris

211 1405 361 1461 venturo
377 1383 619 1490 Valentiniano
637 1384 780 1459 Parisios
794 1443 807 1477 ,
819 1386 1012 1484 eodemque
1026 1382 1179 1458 nuntiata
1196 1391 1198 1395 ’

210 1497 289 1573 sunt
311 1497 375 1577 die,
395 1498 438 1568 Et
456 1492 653 1566 Alamannis
673 1495 810 1592 quidem
830 1494 1049 1572 occursurum
1063 1495 1193 1590 Dagn··

94 1659 99 1666 ·
166 1651 167 1661 κ
209 1609 363 1707 laiphum
387 1628 523 1702 pergere
554 1626 686 1678 mature
713 1607 898 1702 pracepit:
924 1605 985 1703 qui
1010 1601 1177 1678 vastitatis

209 1714 517 1818 propinquioribus
534 1713 621 1788 locis
634 1714 770 1812 longius
784 1713 996 1789 discesserant
1014 1713 1178 1788 incruen·
1242 1731 1248 1751 ⁸

210 1829 251 1904 ri.
271 1830 377 1925 Super
393 1822 545 1924 appetitu
562 1848 655 1901 ,vero
666 1822 851 1922 Procopii,
862 1825 1042 1922 antequam
1058 1823 1177 1898 odole-

210 1937 336 2026 sceret,
359 1933 603 2034 reprimendo,
628 1937 717 2010 curis
739 1937 961 2012 diducebatur
986 1938 1177 2038 ambiguis,
1264 1981 1267 1986 ·

208 2072 251 2120 ea
271 2046 479 2144 potissimum
504 2043 638 2118 ratione
654 2045 819 2120 sollicitus
831 2102 842 2134 ,
856 2050 953 2146 quod
968 2049 1174 2148 ignorabat,

210 2179 324 2231 utrum
339 2154 484 2226 Valente
497 2152 670 2247 superstite
684 2181 749 2241 ,an
763 2157 946 2247 aniano,
963 2174 1176 2233 memoratus¹

210 2263 393 2362 imperium
414 2261 590 2334 affellarat.
606 2258 766 2360 Equilius
782 2267 898 2355 enim,
918 2266 1086 2341 relatione
1101 2274 1176 2342 An·

208 2374 301 2450 touii
323 2373 450 2446 tribuni
464 2389 625 2469 accepta,
639 2374 768 2471 agentis
788 2375 826 2447 iu
847 2377 958 2452 Dacia
975 2378 1191 2452 mediterrar

208 2511 273 2560 nea
291 2482 458 2572 militem,
475 2480 534 2582 qui
553 2481 638 2554 nihil
663 2491 784 2580 praeter
801 2486 978 2584 negotium
991 2487 1099 2584 ipsum
1112 2513 1176 2562 au·

208 2598 317 2670 ditum
341 2593 485 2667 obscure
511 2591 743 2691 fignifirabat;
765 2594 834 2692 ipse
855 2623 995 2697 qnoque
1019 2599 1175 2672 nondum

208 2707 341 2806 liquida
358 2701 423 2776 fide
445 2721 646 2798 oomperta,
669 2703 874 2798 simplicibus
894 2703 1014 2778 'verbis
1040 2706 1173 2782 Princi-

207 2843 287 2915 pem
302 2816 471 2915 gestorum
485 2812 658 2888 conscium
679 2810 771 2889 secit.
783 2816 845 2890 His
855 2817 1002 2923 cognitis
1015 2873 1029 2908 ,
1041 2818 1171 2893 Valen-
1187 2807 1193 2832 ⁸

167 3003 172 3012 ,
209 2921 516 3015 tiuiauus,eodem
529 2923 669 3022 Equitio
678 2925 778 2998 audo
791 2926 970 3024 magisterii
984 2926 1173 3026 dignitate,

209 3039 370 3135 repedare
397 3037 439 3108 ad
466 3035 643 3134 Illyricum
672 3035 883 3129 destinabat,
902 3064 947 3111 ne
981 3038 1173 3135 persultatis

201 3145 367 3220 ‘Thraciis
391 3143 572 3244 perduellis
588 3142 655 3241 jam
674 3140 877 3233 formidatus
901 3143 1078 3220 invaderet
1103 3148 1172 3220 bo·

154 3247 164 3298 .·
210 3257 278 3331 fiili
297 3257 439 3331 excursu
461 3257 665 3333 Pannonias.
684 3260 910 3334 Documento
932 3259 1023 3331 enim
1043 3259 1172 3335 receuti

210 3369 387 3468 impendio
407 3364 617 3460 terrebatur}
639 3387 799 3466 reputans
814 3424 825 3459 ‚
840 3369 946 3466 paulo
961 3388 1041 3443 aure
1065 3372 1170 3445 lulia-
1196 3454 1198 3457 ,

210 3505 312 3568 num,
326 3495 504 3552 contemto
518 3481 723 3574 Imperatore
741 3478 910 3554 bellorum
925 3478 1080 3554 civilium
1096 3480 1170 3553 ubi·

209 3615 279 3688 que
301 3589 451 3678 vislore,
468 3609 532 3661 nec
544 3588 709 3685 speratum
727 3609 823 3682 anre,
840 3614 904 3664 nec
917 3590 1168 3689 exspedlatnm,

209 3703 253 3796 ab
274 3701 356 3780 urbe
381 3700 419 3778 in
434 3701 562 3778 urbem
588 3700 783 3822 incredibili
807 3702 991 3782 velocitate
1012 3702 1170 3782 transisse.
