2775 4284
272 261 343 356 258
419 259 682 334 ΑΜΜΙΑΝΙ
718 255 1094 328 MARcsstttNt

271 441 386 496 motus
401 422 486 518 saepe
504 422 680 519 contigisse
695 421 938 496 monstrabunt.
950 423 1160 495 inundantur
1171 426 1242 494 lta·

269 531 350 604 liam
373 557 417 604 ex
434 531 555 604 abditis
578 531 711 602 Oceani
729 530 882 627 parribus
902 531 1081 604 Teutones
1097 553 1242 627 repente

270 667 349 716 cum
361 641 509 713 Cimbris
527 665 537 709 τ
560 637 617 710 sed
633 639 712 735 post
730 637 874 712 inflictas
885 639 935 710 rei
945 640 1112 710 Romanae
1125 639 1242 710 clades

200 753 208 768 ’
269 750 474 840 immensas,
495 747 622 821 ultimis
648 750 782 845 proesiis
802 775 864 845 per
891 750 994 820 duces
1016 747 1242 844 ampliffimos

269 860 415 956 superati
430 912 441 944 ,
459 857 540 956 quid
565 859 713 954 potestas
739 861 865 932 Martia
886 861 929 930 de
945 859 1063 931 habitu
1086 859 1240 954 pruden-

268 971 328 1044 tiae
349 970 483 1060 valeat,
505 970 665 1044 radicitus
689 969 862 1066 exstirpati
883 968 1131 1042 discriminibus
1153 968 1241 1038 didi·

268 1104 349 1154 cere
363 1077 532 1175 supremis.
547 1082 665 1151 Marco
680 1077 796 1150 itidem
812 1079 1013 1150 moderante
1030 1078 1208 1175 imperium
1220 1131 1238 1165 ,

269 1217 376 1264 unum
399 1189 556 1286 spirando
579 1188 717 1260 vesania
740 1189 893 1286 gentium
914 1189 1143 1276 dissonam,
1157 1188 1237 1283 post

267 1299 439 1374 bellorum
468 1297 631 1397 fragores
646 1297 859 1387 immensos,
882 1298 961 1395 post
977 1304 997 1338 *
1016 1299 1066 1369 eri
1097 1299 1238 1370 urbium

197 1403 228 1440 ‘⁸
268 1431 445 1506 caprarum
469 1409 735 1504 &direptarum
750 1409 789 1480 δι
811 1406 1239 1510 pessum*concitaspro-

267 1521 422 1598 tatoris*
437 1517 615 1607 interitus,
631 1538 743 1615 partes
762 1543 884 1590 eorum
903 1517 1039 1614 exiguas
1052 1517 1238 1614 reliquisset

265 1633 412 1709 intaslas.
431 1633 560 1703 Verum
579 1620 664 1702 'mox
686 1629 763 1728 post
786 1627 980 1702 calamitosa
998 1630 1169 1727 dispendia
1182 1651 1238 1702 res

265 1746 304 1820 in
322 1745 489 1840 integrum
505 1740 580 1812 sunt
602 1740 762 1813 reslitutae
779 1767 789 1811 t
808 1739 872 1812 hac
893 1739 1021 1838 gratia,
1035 1739 1239 1838 quodnon·

266 1855 349 1927 dum
369 1849 541 1924 solutioris
562 1847 645 1922 vita
668 1849 814 1922 mollitie
837 1846 949 1922 sobria
976 1849 1123 1923 vetustas
1145 1848 1238 1921 infe-

265 1967 336 2054 ssa,
356 1989 419 2036 nec
431 1959 619 2036 ambitiosis
630 1959 770 2049 menfis,
785 1987 849 2034 nec
869 1959 1042 2060 flagitiosas
1057 1959 1239 2058 quaestibus

264 2077 417 2150 inhiabat
439 2099 450 2146 ι
475 2065 531 2144 sdd
550 2069 761 2144 unanimanti
781 2073 904 2146 ardore
924 2069 1046 2143 summi
1064 2074 1102 2146 δι
1124 2070 1236 2144 infimi

266 2187 356 2260 inter
379 2181 412 2254 se
439 2205 692 2280 congruentes,
711 2183 753 2253 ad
775 2179 969 2287 speciosam
980 2206 1055 2276 pro
1081 2180 1234 2276 republi-

265 2320 305 2370 ca
334 2309 507 2376 mortem,
530 2307 693 2384 tauquam
723 2291 766 2362 ad
792 2312 934 2385 porrum
961 2291 1108 2388 'aliquem
1134 2309 1234 2363 tran-

189 2499 194 2511 .
264 2399 411 2502 quillum
431 2395 660 2508 properabant
682 2395 914 2505 &placidum
927 2401 1079 2473 Duobus
1091 2424 1235 2474 navium
1348 2448 1349 2467 ι

252 2511 416 2589 ‘millibus
439 2527 604 2606 perrupto
622 2507 780 2604 Bosporo
808 2511 848 2582 δι
866 2506 1025 2582 litoribus
1043 2509 1235 2606 Proponti·
1346 2526 1348 2601 j

264 2623 316 2696 dts
330 2615 568 2717 Scythicarum
588 2615 739 2713 gentium
758 2635 906 2687 catervae
921 2615 1149 2714 transgressae
1162 2620 1234 2691 edi·
1345 2652 1346 2667 ι

265 2723 388 2802 desunt
411 2722 548 2820 quidem
572 2720 708 2794 acerbas
728 2739 816 2792 terra
839 2719 989 2818 marsque
1007 2721 1158 2820 strages·
1176 2724 1234 2796 sed
1343 2706 1345 2801 i

264 2837 378 2914 amissa
396 2835 532 2904 suorum
555 2850 648 2926 parre
672 2830 817 2904 maxima
840 2836 1065 2907 reverterunt
1087 2833 1235 2908 Cecide-
1342 2840 1343 2867 ¹

263 2963 344 3020 runt
365 2941 557 3014 dimicando
577 2948 656 3014 cu'rn
681 2942 831 3014 barbaris
853 2947 1078 3066 Imperatores
1099 2945 1234 3033 Decii,
1340 2914 1342 3001 i

263 3074 360 3150 paret
379 3052 416 3123 &
433 3047 531 3121 silius.
542 3033 699 3120 Obsessae
717 3049 928 3152 Pamphyliae
948 3049 1127 3139 civitates,
1141 3051 1233 3123 insn·
1338 3100 1339 3133 r

218 3161 305 3232 lae
333 3155 505 3256 populatae
533 3144 746 3253 complures,
771 3149 990 3229 inflammati
1002 3108 1234 3248 Macedonia}

232 3303 234 3314 ·
261 3269 375 3341 omnis
397 3265 455 3338 diu
481 3265 665 3338 multitudo
691 3265 965 3339 Thessalonicam
990 3268 1233 3356 circumsedit,
1244 3323 1249 3330 -

260 3370 447 3474 itidemque
467 3377 649 3475 Cyzicum
662 3375 852 3449 Anchialos
873 3387 1002 3476 mpla,
1017 3383 1057 3454 &
1073 3399 1232 3478 tempore

259 3489 382 3563 eodem
402 3487 605 3584 Nicopolis,
623 3512 725 3584 quam
748 3483 915 3562 indicium
924 3487 1090 3593 vidoriae
1107 3507 1232 3562 contra

259 3599 381 3673 Dacos
408 3593 576 3689 Traianus
606 3595 762 3668 condidit
787 3594 995 3693 imperaror.
1012 3580 1091 3670 post
1117 3598 1231 3671 clades

260 3730 413 3806 acceptas
440 3706 613 3806 illatasque
631 3707 752 3782 multas
765 3708 945 3816 deseras,
962 3708 1072 3784 excisa
1086 3710 1132 3782 est
1145 3708 1228 3781 Phi-
