2775 4284
105 74 107 81 '
234 98 247 163 r

28 239 34 247 ·
126 350 129 373 Ι
225 185 291 319 tob
363 231 1045 319 nuuraurntacnccrnr'

51 396 55 404 ’
155 422 158 431 ’
220 406 305 481 vilia
325 406 414 482 bella
437 407 615 506 coeptanti.
636 410 731 507 Ergo
748 362 941 496 convenit,
955 429 1062 502 pauca
1084 403 1187 504 super

195 502 338 593 harum
361 518 494 618 origine
516 518 698 618 regionum
725 520 765 593 δι
787 518 851 591 situ
873 515 1099 589 transcurrere
1124 540 1187 611 per

212 625 552 709 „brevemexcessum
573 630 650 699 Erat
661 626 888 702 Thraciarum
900 625 1083 727 descriptio
1100 622 1189 702 saci·
1223 663 1226 668 >

124 750 129 777 ⁶
219 735 261 807 lis
279 792 291 825 ,
313 738 337 809 fi
359 755 491 811 veteres
513 737 747 825 concinerent·
762 737 829 809 stili
848 764 859 810 r
876 761 1025 835 quorum
1042 732 1188 809 obscura

92 914 98 931 ,
220 846 367 921 varietas
379 847 544 945 oponiam
558 847 837 967 opusveritatem
849 845 1034 942 proselium
1051 868 1124 917 non
1137 841 1190 937 ju·

219 970 291 1042 vat,
305 951 466 1043 sufficiet,
481 978 534 1042 ea,
545 980 623 1052 quae
638 953 758 1027 vidisse
769 952 1003 1043 meminimus,
1016 951 1190 1046 expedire.

219 1064 289 1137 Has
308 1063 595 1163 tertas‘iormensa
620 1064 794 1162 quondam
823 1087 1025 1159 camporum
1046 1060 1191 1157 placidi·

217 1190 287 1246 tate
300 1199 529 1273 aggerumque
545 1174 722 1247 altitudine
736 1172 831 1245 firilie
844 1174 1034 1269 portellas,
1046 1172 1192 1245 Homeri

220 1283 380 1377 pererinis
400 1282 583 1357 auctoritas
604 1282 730 1373 docet,
752 1282 963 1380 Aquilonem
985 1283 1024 1354 &
1047 1281 1193 1378 Zephy-

220 1416 296 1463 rum
318 1409 444 1493 ventos
466 1390 590 1467 exinde
612 1390 914 1491 llare‚.singentis:
935 1392 1034 1490 quod
1059 1409 1118 1468 aut
1137 1388 1193 1463 fa·

219 1500 376 1573 bulosum
401 1501 473 1591 est,
491 1520 548 1573 aut
568 1502 693 1575 tractus
716 1504 858 1575 antehac
880 1499 990 1573 diffofi
1015 1500 1193 1585 latissime,

219 1595 442 1707 deslinatique
467 1608 670 1683 nationibus
695 1608 804 1701 feris,
828 1608 941 1699 cundi
966 1609 1193 1686 Thraciarum
1243 1604 1246 1610 ’

210 1718 398 1814 1,νοεεὺυίο
417 1717 651 1791 censebantur.
671 1722 714 1789 Et
731 1736 863 1813 partem
883 1741 997 1789 earum
1016 1716 1195 1801 habitave-

193 1884 195 1891 ,
221 1850 259 1898 re
273 1820 468 1918 Scordisci,
490 1827 701 1926 longenunc
720 1827 765 1901 ab
780 1825 897 1899 iisdem
919 1826 1114 1922 provinciis
1127 1824 1194 1898 dis·
1270 1852 1273 1860 ·

222 1935 348 2032 parati,
372 1935 456 2009 saevi
477 1938 651 2035 quondam
668 1939 707 2011 δι
724 1956 856 2023 truces,
870 1936 1106 2033 orantiquitas
1128 1935 1196 2008 do-

193 2114 196 2121 .
222 2064 277 2119 cet
289 2100 312 2139 ,Ι
323 2046 442 2139 hostiis
455 2047 672 2143 captivorum
692 2047 844 2119 Bellonae
864 2046 1053 2136 litantes&
1064 2046 1166 2119 Marti
1178 2099 1195 2134 ,

120 2214 135 2223 ,.
216 2149 477 2254 humanumque
500 2142 696 2254 sanguinem
718 2158 755 2227 in
775 2156 902 2229 ollibus
927 2156 1194 2251 capitumcauis

220 2264 376 2338 bibentes
389 2266 523 2339 avidius
537 2291 715 2363 equorum
737 2265 912 2363 asperitate
927 2265 1004 2362 posi
1025 2266 1193 2362 multipli-

164 2412 184 2452 4
222 2398 279 2447 ces
297 2396 486 2473 pugnarum
506 2398 672 2465 aerumnas
693 2373 779 2471 saepe
793 2398 846 2460 res
862 2376 1021 2447 Romana
1044 2393 1194 2465 vexata,
1236 2416 1242 2424 ·

221 2483 395 2583 postremo
406 2510 545 2559 omnem
556 2483 859 2561 amifitexercitum
871 2510 951 2559 cum
962 2487 1102 2559 resiore.
1113 2486 1194 2573 Sed,
1224 2473 1237 2544 s

222 2614 261 2667 ut
277 2620 371 2672 nunc
392 2597 580 2685 cernimus,
600 2592 717 2671 eadem
739 2597 819 2670 loca
836 2595 981 2688 formata
996 2595 1036 2684 in,
1055 2596 1194 2669 cornuti

221 2702 522 2801 fideris‚,modum‚
540 2707 706 2805 effingunt
720 2705 843 2778 theatri
863 2703 984 2778 faciem
998 2702 1195 2798 speciosam.

222 2816 334 2911 Cujus
358 2818 394 2893 in
413 2818 601 2891 summitate
620 2816 828 2903 occidentali
854 2816 1031 2888 montibus
1044 2824 1195 2910 “prauu-
1226 2898 1228 2906 Ι

221 2926 291 3023 ptis
311 2928 473 3001 deustate
492 2930 680 3009 Succorum
695 2925 871 3023 patescunt
884 2924 1044 3025 angustiae
1057 2924 1195 3011 ,Thra-

128 3042 134 3055 ‘
216 3037 290 3111 cias
314 3036 568 3119 dirimentes&
593 3036 752 3111 Daciam.¹
769 3040 901 3110 Partem
923 3061 1011 3109 vero
1033 3036 1195 3110 finillram

223 3146 349 3221 arslois
369 3146 555 3223 obnoxiam
577 3146 679 3231 slellis¹
694 3145 958 3234 AEmimomtanae
978 3144 1196 3221 celsitudines

223 3256 419 3344 claudunt,
442 3273 481 3327 ut
511 3258 549 3329 bt
572 3253 675 3344 Ister,
701 3280 782 3352 qua»
798 3257 993 3351 Romanum
1023 3254 1195 3349 caespitem

214 3366 369 3456 lambit,
389 3363 531 3439 urbibus
545 3365 661 3439 multis
681 3368 721 3439 &
742 3364 856 3446 castris
878 3364 1059 3463 contiguus
1075 3369 1113 3439 &
1134 3390 1195 3439 ca·

222 3476 337 3551 stellis.
358 3479 421 3549 Per
434 3478 610 3566 dextrum,
635 3478 732 3574 quod
746 3476 886 3553 austrele
906 3469 976 3566 est‘,
990 3478 1100 3566 latus,
1115 3476 1194 3563 sco·

217 3585 297 3682 ¹puli
317 3588 503 3661 tenduntur
528 3586 717 3683 Rhodopes
730 3613 740 3688 3
764 3570 854 3662 unde
876 3590 987 3659 Eoum
1010 3584 1109 3680 jubar
1132 3610 1195 3655 ex·

220 3689 343 3791 surgit,
360 3690 478 3785 sinitur
498 3692 534 3764 in
554 3690 702 3778 fretumr
723 3691 779 3767 cui
802 3691 1026 3786 undosiusab
1050 3689 1193 3765 Euxino
