2775 4284
176 279 188 366 Ι
264 255 305 352 ς8
392 245 1107 329 thttnrtt'MAttcsstttNt'

253 415 465 490 sinnaturum
481 415 668 512 ancipites:
684 416 724 491 &
741 415 838 513 quod
856 415 960 516 magis
981 413 1220 505 metuebatur,

253 526 392 601 srcasus
418 527 506 599 novi
525 525 663 623 qnidam
686 524 907 623 exsurgerent
929 578 942 615 ,
961 524 1221 621 opponendum.
1267 528 1270 532 ’

252 633 391 728 Quibus
415 633 610 708 secretiores
631 633 804 710 addiderat
826 635 963 719 literas,
989 633 1219 707 Lucillianum

244 741 369 816 'itidem
394 765 562 830 monens,
584 759 622 816 ut
642 739 808 840 quosdam
830 741 936 815 tectos
950 737 1137 835 exploratae
1162 736 1220 807 in-

251 849 385 923 dnuriae
404 847 549 949 fideique
565 852 704 928 duceret
721 850 833 926 secum
847 847 1082 924 :adminiculis
1098 869 1230 935 eorum,
1293 895 1305 922 0

250 959 370 1032 usurus
389 985 454 1056 pro
468 958 690 1035 incidentium
704 979 807 1057 captu
821 958 1052 1060 negotiorum.
1068 955 1220 1029 Pruden-

252 1067 347 1164 tique
372 1069 517 1142 contilio
534 1069 761 1144 Malarichum
774 1093 818 1142 ex
833 1065 1058 1154 familiaribus,
1072 1064 1219 1164 negotiis

251 1191 408 1274 agentem
431 1179 606 1252 etiamtum
628 1179 664 1252 in
685 1180 802 1272 ltalia,
816 1179 919 1254 missis
941 1179 1143 1276 insignibus,
1158 1179 1237 1252 to··

252 1289 339 1363 vino
350 1288 439 1384 jullit
453 1288 631 1364 succedere
644 1313 817 1366 armorum
829 1289 1058 1386 magistroper
1070 1289 1217 1380 Gallias,
1238 1347 1241 1356 .

249 1398 384 1496 gemina
406 1397 551 1472 utilitate
563 1398 804 1495 prpspeculata
814 1430 824 1474 r
836 1419 873 1474 ut
887 1401 925 1474 δι
938 1399 1009 1472 dux
1023 1397 1133 1470 meriti
1146 1399 1218 1470 cel-

249 1505 369 1596 sioris,
381 1503 528 1607 ideoque
547 1502 715 1602 suspeslus
737 1506 880 1580 abirete
898 1505 1012 1580 medio
1026 1508 1089 1594 ;'&
1107 1506 1217 1578 homo

251 1611 425 1686 inferioris
453 1610 522 1710 spei
548 1613 590 1684 ad
616 1611 813 1689 sublimiora
837 1614 1045 1712 provedus,
1069 1612 1218 1687 ausloris

250 1723 307 1796 su'u
322 1745 498 1796 nutantem
522 1723 634 1797 adhuc
650 1723 772 1798 slatum
786 1723 899 1798 studio
912 1721 1065 1796 fundaret
1078 1713 1219 1822 ingenti.
1235 1747 1240 1755 ·

249 1831 377 1906 lullum
410 1830 459 1906 est
490 1852 603 1907 autem
629 1835 673 1908 ad
697 1834 869 1933 implenda
894 1836 969 1908 hec
993 1827 1218 1930 percellaris,

209 1986 211 1994 ι
248 1941 416 2018 extollere
433 1941 550 2018 seriem
571 1943 743 2042 gestorum
762 1945 799 2018 in
824 1943 970 2033 melius,
984 1946 1023 2020 δι
1038 1942 1219 2034 rumores,
1241 2034 1244 2039 ¹

249 2078 386 2154 quaqua
399 2055 500 2142 irent,
515 2055 631 2127 verbis
647 2056 849 2144 diffundere,
857 2054 1117 2130 concinentibus
1131 2058 1217 2151 pro-

249 2163 400 2236 clnllum
412 2161 606 2236 Parthicum
620 2165 714 2236 exitu
726 2165 889 2262 prospero
904 2165 1118 2238 terminatum
1131 2193 1141 2238 t
1155 2166 1218 2238 ad·
1306 2224 1313 2234 .

248 2269 394 2368 ditisque
413 2269 602 2343 festinando
616 2270 731 2346 itineri
745 2273 926 2362 nullibus,
953 2274 1216 2371 provinciarum

248 2378 448 2475 militiaque
466 2379 653 2455 telluribus
672 2382 842 2456 infinuare
859 2382 944 2456 novi
956 2382 1123 2478 Principis
1137 2382 1217 2479 scri·
1269 2419 1273 2429 ·

248 2509 326 2600 pta,
347 2491 574 2590 omniumque
593 2491 766 2567 sententiis
787 2491 956 2568 occultius
970 2492 1140 2567 sciscitatis
1158 2517 1216 2566 re-

247 2625 357 2676 meare
378 2600 546 2675 velociter
568 2627 645 2675 cum
657 2600 824 2698 responsis
838 2653 850 2690 ,
866 2619 906 2674 ut
917 2618 1119 2696 comperto,
1132 2600 1215 2699 quid

243 2711 286 2782 in
319 2707 516 2808 longinquis
553 2726 698 2808 agatur,
726 2704 937 2804 principatus
962 2698 1214 2781 corroborandi

247 2836 380 2892 matura
399 2817 539 2906 consilia
567 2833 764 2917 quaeranmr
787 2819 826 2891 dt
845 2834 952 2891 cauta.
977 2818 1052 2888 Hos
1071 2816 1215 2889 tabella·

247 2927 319 3001 rios
348 2926 436 2999 sama
464 2927 713 3026 progrediens,
737 2925 841 2999 index
865 2924 1051 2999 tristiorum
1077 2924 1218 3000 casuum

247 3035 480 3126 velocissima,
502 3061 564 3133 per
582 3035 784 3136 provincias
814 3035 983 3110 volitabat
1007 3037 1047 3110 δι
1071 3055 1214 3136 gentes;

247 3145 463 3245 maximeque
483 3145 637 3220 omnium
657 3147 841 3220 Nisibenos
863 3145 989 3220 acerbo
1003 3145 1215 3243 doloreper·

247 3258 368 3348 eulbt,
391 3285 468 3332 cum
492 3259 610 3332 urbem
634 3246 756 3356 Sapori
776 3257 924 3333 deditam
947 3251 1213 3355 comperissent:

246 3367 343 3458 cuius
357 3367 440 3441 iram
451 3367 648 3442 metuebant
659 3371 698 3442 δι
711 3367 905 3455 simultates,
918 3368 1122 3455 recolentes,
1136 3393 1214 3468 quae

248 3476 374 3550 allidue
398 3475 574 3572 pertulerit
598 3474 744 3568 lunera,
771 3501 846 3551 eam
870 3476 990 3574 saepius
1012 3501 1214 3578 oppugnare
1299 3539 1302 3542 .
1368 3518 1369 3573 ;

190 3631 194 3658 t
247 3602 402 3662 conatus.
418 3584 604 3676 Constabat
616 3581 721 3674 eriim,
732 3587 853 3678 orbem
866 3589 979 3660 Eoum
994 3588 1030 3661 in
1043 3587 1210 3659 ditionem

19 3787 21 3794 ,
145 3803 149 3812 ¹
190 3687 194 3695 ’
228 3692 712 3810 ,potniffeuanfirel’erfidim
729 3693 791 3770 nisi
805 3694 880 3774 bec
894 3694 1016 3776 civim
1032 3693 1136 3770 babili
1149 3693 1213 3770 bru
