2775 4284
401 160 521 218 rs¹

281 267 444 342 uauuu
467 265 722 342 oesunuuu
748 265 827 339 uu.
850 265 983 339 xxxi.
1047 209 1118 361 265

155 429 229 521 siis,
240 457 307 529 qua
318 430 458 529 quisque
471 412 601 527 potuit',
614 427 840 525 incomposite
852 425 1119 516 discedentibus,

155 540 277 614 refidui
294 565 413 615 omnes
433 557 592 637 repetunt
608 539 757 612 tentoria
772 535 946 609 tristiores.
964 535 1120 628 Humatis

155 648 301 747 denique
322 675 388 746 pro
412 650 571 724 locorum
587 651 624 722 δι
643 645 805 744 temporis
821 644 954 717 ratione
969 644 1123 716 honora·

126 758 199 832 tis
212 758 432 858 quibusdam
423 777 512 832 mter
525 758 722 845 defundm,
740 756 871 855 reliqua
890 772 1121 862 peremtorum

155 893 303 966 corpora
321 869 401 943 dirae
423 870 585 944 volucres
609 866 887 951 consumserunt,
905 865 1038 939 assuetae
1057 864 1122 935 illo

155 992 312 1072 ternpore
327 976 549 1051 cadaueribus
569 976 677 1098 pasci,
691 995 731 1048 ut
745 961 904 1049 indicant
912 973 1125 1069 nuncusque

157 1084 309 1159 albentes
329 1085 455 1158 ossibus
469 1081 597 1181 campi.
617 1081 759 1157 Constat
776 1100 909 1172 tamen,
928 1082 965 1152 in
979 1102 1124 1152 numero

156 1191 315 1291 longe
270 1219 404 1268 minore
414 1195 694 1283 Romanos,cum
707 1192 896 1289 eacoptosa
909 1188 1124 1265 multitudine

156 1299 378 1389 mundatos,
400 1299 666 1376 funereamulta
690 1302 888 1398 perpessos:
916 1316 1127 1372 nontamen

28 1415 33 1424 '
156 1408 227 1484 srne
247 1410 410 1484 deflendis
427 1410 584 1484 aerumnis
599 1411 777 1508 exagitasse
794 1410 966 1484 barbaram
979 1409 1124 1504 plebem.
1204 1493 1208 1512 Ι

166 1541 169 1548 ’
205 1523 294 1592 VIII.
314 1520 376 1593 His
398 1521 525 1596 casibus
546 1519 758 1618 proeliorum
768 1520 814 1594 ita
829 1521 980 1596 luctuose
999 1517 1125 1603 finitis,

159 1624 266 1698 nosiri
279 1628 459 1724 proximos
478 1631 777 1728 Marcianopoleos
799 1631 953 1728 petivere
972 1627 1124 1702 secessus.

160 1735 271 1812 ‚Gothi
288 1732 378 1810 intra
395 1739 633 1814 vehiculorum
647 1739 815 1814 anfractus
831 1739 951 1837 sponte
971 1737 1026 1810 sua
1040 1761 1127 1810 coos
1146 1778 1151 1786 ·

160 1846 265 1937 trust,
279 1873 451 1945 nunquam
467 1851 591 1926 exinde
614 1877 673 1949 per
694 1853 765 1925 dies
787 1851 912 1947 septem
934 1849 1044 1948 egredi
1068 1846 1126 1920 vel

161 1956 273 2030 videri
298 1958 374 2029 sunt
398 1961 489 2033 aust:
514 1961 662 2062 ideoque
687 1961 980 2060 opportunitatem
1003 1958 1127 2030 milites
1235 1951 1243 1971 ⁸

133 2067 271 2157 uadi,
294 2065 472 2144 immensas
500 2068 581 2142 alias
616 2072 834 2144 barbarorum
860 2085 1014 2144 catervas
1037 2067 1127 2138 inter

160 2177 429 2268 AEmirn'ontanas
455 2181 619 2281 angustias
642 2182 833 2256 clauserunt
850 2205 1008 2281 aggerum
1031 2175 1127 2270 obje-

157 2289 217 2362 du
235 2288 421 2362 celsorum:
437 2289 500 2365 bac
513 2292 569 2389 spe
584 2291 765 2383 nimirum,
783 2310 822 2366 ut
834 2292 927 2389 inter
950 2289 1067 2363 Istrum
1081 2288 1128 2360 t&

162 2401 360 2478 solitudines
375 2405 562 2500 perniciosa
575 2405 724 2479 hostium
738 2404 920 2478 multitudo
934 2402 1128 2500 compa&a‚
1180 2392 1184 2404 ⁸

158 2511 346 2611 nullosque
366 2514 538 2610 reperiens
554 2514 683 2603 exitus,
703 2515 828 2612 periret
845 2515 977 2602 inedia,
1001 2511 1129 2586 tundis

159 2621 305 2696 utilibus
324 2626 368 2696 ad
387 2624 575 2701 vivendum
592 2622 628 2697 in
646 2625 801 2701 ciuitates
818 2624 947 2698 validas
965 2645 1129 2718 compor-

165 2731 265 2804 tatis:
288 2745 429 2830 quarum
454 2731 581 2806 nullam
606 2733 779 2809 etiamtum
802 2731 1044 2807 circumsedere
1067 2755 1131 2826 cof
1199 2794 1202 2797 .
1266 2785 1270 2790 .
1340 2725 1352 2740 ⁸

158 2838 236 2912 nati
259 2839 354 2930 sunt,
375 2841 448 2916 baec
469 2843 507 2916 δι
532 2841 650 2940 similia
669 2843 853 2917 machinari
877 2842 1009 2939 penitus
1029 2840 1136 2938 igno*
1166 2835 1169 2838 ’
1276 2902 1278 2911 χ

115 2980 120 2996 ·
166 2968 286 3023 rantes.
309 2949 387 3024 Post
405 2977 482 3050 quae
498 2953 659 3051 repetivit
677 2952 803 3027 Gallias
822 2951 1065 3036 Richomeres,
1081 2945 1130 3021 ob
1205 2999 1208 3007 -
1314 3010 1325 3018 ,

165 3059 331 3155 majorem
342 3061 554 3158 proeliorum
572 3063 761 3149 fremitum,
781 3062 840 3160 qui
855 3060 1129 3157 ‘exspedabatur,

166 3167 245 3241 inde
263 3167 466 3243 adminicula
483 3169 713 3267 perdudurus.
734 3171 817 3243 Haec
830 3168 1003 3240 Gratiano
1013 3182 1141 3263 quater·

157 3279 206 3350 ·&
224 3275 432 3351 Merobaude
447 3278 642 3355 consulibus
654 3279 851 3380 agebantur,
864 3299 958 3350 anno
975 3276 1011 3347 in
1027 3293 1129 3348 autu·

157 3409 284 3458 mnum
303 3405 479 3485 uergente.
505 3395 686 3488 Interquae
700 3389 850 3478 Valens
862 3385 979 3458 audito
995 3382 1129 3481 lugubri

160 3495 337 3572 bellorum
373 3489 671 3620 direptionumque
705 3517 859 3587 eventu,
887 3494 1128 3580 Saturninum,

165 3604 327 3711 equestris
348 3606 515 3680 exercitus
538 3609 580 3679 ad
594 3627 727 3704 tempus
746 3633 825 3682 cura
845 3601 1035 3708 commissa,
1050 3600 1129 3695 sup·

168 3712 272 3813 petias
285 3714 437 3814 Traiano
450 3716 613 3793 fetentem
630 3717 718 3793 misit
737 3716 986 3795 &Profuturo
1008 3705 1127 3785 Forte·
1223 3743 1228 3751 ·
