2775 4284
250 265 348 366 238-
415 203 669 338 tuuttur
694 208 1083 340 utucrttrut

248 423 330 522 quia
355 421 480 496 timore
497 446 580 496 mort
605 422 840 521 frangebatur,
862 439 899 496 ut
920 422 1116 497 Antoninus
1134 420 1225 500 Pius

221 581 224 597 ν
247 561 320 614 erat
337 541 469 616 serenus
486 546 523 616 δι
539 542 697 619 clemens.
716 540 847 614 ludices
865 565 1040 638 nunquam
1053 538 1223 612 consulto

247 655 415 754 malignos
432 655 534 754 elegit
547 677 557 724 τ
570 653 625 726 sed
642 652 667 726 si
687 654 787 727 semel
809 670 992 750 promotos
1009 676 1108 751 agere
1123 650 1222 726 didi·

247 773 297 847 cit
322 773 532 859 immaniter,
556 774 736 871 Lycurgos
749 769 926 860 ,invenisse
952 769 986 842 se
1008 767 1219 866 predicabat

247 895 287 968 δι
309 894 460 985 Callios,
486 892 660 968 columina
685 890 823 966 lustitia
848 889 975 986 prisca:
1001 886 1219 983 scribensque

246 1009 447 1084 hortabatur
459 1009 599 1097 allidue‚
609 1027 646 1080 ut
659 1033 769 1082 noxas
785 1009 839 1080 vel
855 1009 949 1080 leves
963 1005 1116 1078 acerbius
1132 1005 1217 1077 vin·

247 1106 410 1202 dicarent.
438 1129 514 1202 Nec
539 1126 685 1215 afflislis,
709 1125 733 1196 sr
756 1125 828 1196 sors
853 1122 1025 1222 ingruisset
1044 1119 1216 1213 inferior,

246 1266 318 1320 erat
345 1245 452 1319 ullum
482 1246 518 1319 in
549 1243 715 1338 Principis
748 1242 955 1340 benignitate
988 1234 1217 1336 perfugium:

246 1360 346 1460 quod
362 1359 491 1457 semper
507 1379 545 1430 ut
564 1356 689 1456 agitato
706 1357 790 1430 mari
804 1353 950 1451 jadatis,
966 1375 1088 1451 ¹portus
1103 1350 1218 1450 patuit

159 1526 161 1534 ·
246 1497 439 1578 exoptatus.
460 1481 554 1550 Finis
572 1482 654 1550 enim
662 1475 744 1580 justi
761 1471 897 1570 imperii,
911 1493 950 1545 ut
966 1471 1129 1569 sapientes
1146 1471 1218 1544 do·

246 1617 346 1686 cent,
359 1601 485 1670 utilitas
498 1597 705 1666 obedientium
719 1595 887 1695 estimatur
899 1588 933 1662 fr
937 1593 1045 1686 salus.

295 1716 356 1788 lX.
376 1710 653 1784 Consentaneum
674 1708 721 1780 est
746 1708 864 1780 venire
883 1705 958 1802 posi
983 1705 1055 1778 haec
1078 1704 1121 1776 ad
1142 1702 1218 1800 ejus

246 1832 338 1906 attus
364 1827 554 1926 sequendos
576 1827 664 1900 rede
691 1825 968 1898 sentientibus&
992 1821 1219 1919 probandos:
1235 1903 1260 1920 Ι,

245 1973 323 2026 curn
341 1946 463 2044 quibus
482 1945 507 2016 sr
524 1944 655 2041 reliqua
668 1943 901 2038 temperasset,
918 1942 1054 2013 vixerat
1067 1959 1105 2012 ut
1123 1944 1217 2015 Tra·

245 2066 395 2165 jarius&
410 2067 554 2138 Marcus.
577 2065 616 2135 ln
634 2061 865 2158 provinciales
877 2061 1060 2133 admodum
1073 2085 1216 2157 parcus,

245 2185 454 2262 tributorum
480 2182 609 2276 ubique
632 2181 791 2253 molliens
815 2176 981 2252 sarcinas:
1005 2181 1215 2278 oppidorum

246 2303 287 2376 δι
310 2299 456 2372 limitum
485 2297 647 2382 conditor
670 2297 916 2394 tempestivus:
937 2299 1092 2373 militaris
1114 2299 1215 2374 disci·

246 2419 350 2518 plinae
381 2396 502 2492 censbr
527 2416 693 2510 eximius,
718 2418 754 2490 in
780 2418 850 2490 hoc
880 2436 1010 2491 tantum
1038 2422 1215 2508 deerrans,

245 2537 436 2636 quodcum
455 2535 683 2634 gregariorum
702 2535 802 2608 etiarn
821 2525 913 2609 levia
928 2537 1065 2634 puniret
1083 2556 1213 2630 errata,

246 2652 423 2760 potiorum
442 2652 566 2726 ducum
581 2649 709 2750 slagitia
723 2653 880 2749 progredi
896 2652 1022 2726 sinebat
1033 2653 1068 2728 in
1081 2654 1215 2750 majus,

247 2772 291 2846 ad
310 2770 464 2870 querelas
482 2769 518 2842 in
538 2792 600 2844 eos
621 2788 731 2841 motas
745 2769 924 2866 aliquoties
946 2771 1214 2846 obsurdescens:

246 2889 338 2965 unde
357 2887 543 2962 Britannici
567 2887 742 2984 strepitus,
763 2891 801 2962 δι
826 2885 997 2962 Africanae
1021 2889 1153 2982 clades,
1176 2891 1216 2965 δι

248 3006 384 3081 vaslitas
402 3005 536 3078 emersit
554 3005 696 3104 lllyrici.
720 3005 828 3079 Omni
850 3009 1023 3102 pudicitiae
1042 3008 1138 3082 cultu
1152 3009 1216 3083 do·

247 3123 296 3198 mi
313 3122 420 3196 callus
435 3126 471 3196 &
487 3122 595 3214 foris,
610 3125 708 3196 nullo
723 3127 887 3223 contagio
903 3125 1121 3200 conscientia:
1134 3123 1219 3198 vio·'

249 3242 338 3315 latus
352 3237 545 3332 obscoena,
560 3241 645 3312 nihil
659 3239 822 3339 incestum
832 3268 842 3313 r
853 3242 1008 3339 hancque
1020 3244 1068 3316 ob
1082 3243 1215 3318 causam

247 3375 411 3456 tanquam
431 3357 624 3431 retinaculis
647 3358 866 3455 petulantiam
887 3357 1033 3434 frenarat
1055 3362 1140 3433 aula
1161 3385 1216 3433 re·

249 3476 356 3577 galis:
375 3478 471 3574 quod
493 3477 664 3550 custodire
686 3477 786 3551 facile
806 3478 942 3575 potuit,
966 3479 1218 3551 necessitudini·

189 3669 191 3678 ,
248 3591 399 3670 hussitis
424 3593 507 3666 nihil
533 3592 733 3692 indulgens,
757 3621 838 3692 quas
865 3615 923 3670 aut
945 3598 981 3669 in
1004 3597 1084 3669 otio
1108 3595 1218 3690 repris

147 3741 160 3754 ‘
249 3716 382 3810 mebat,
400 3732 457 3790 aut
480 3711 698 3790 mediocriter
719 3713 927 3811 honoravit,
945 3715 1067 3815 absque
1090 3713 1218 3791 fratrer
