2775 4284
252 290 319 361 rod
405 285 667 361 AMMlANl
703 284 1060 389 MARCELLlNl

241 438 466 548 bxemplum,
480 474 522 523 ne
536 447 634 522 latius
650 472 833 545 evagemur
845 499 856 534 ,
868 445 939 519 boc
953 470 1058 517 unum
1075 438 1217 516 sufficiet

244 561 355 657 poni,
378 560 455 634 leve
479 552 635 659 quidem,
656 556 712 630 sed
731 557 923 630 cavendum
948 553 1126 650 iudicibus.
1150 554 1215 624 Per

244 669 364 743 omnia
395 668 485 741 enim
512 666 662 742 civitatis
690 665 868 754 membra,
898 690 976 763 quae
1001 664 1213 737 diversorum

74 854 76 859 ,
243 778 442 876 Principum
464 794 673 851 exornarunt
689 772 870 875 impensa,
889 794 1017 870 nomen
1035 769 1215 869 proprium
1278 813 1290 869 f

117 904 128 933 ¹·
243 875 554 989 inscribebatrnon
569 906 608 959 ut
633 905 789 960 veterum
810 881 1034 970 instaurator,
1050 879 1107 953 sed
1129 873 1214 952 con‘·
1263 966 1267 973 Ι
1383 880 1385 889 ’

246 996 350 1069 ditor.
370 997 455 1088 Quo
479 993 570 1069 vitio
591 995 756 1070 laborasse
778 990 942 1088 Traianus
965 990 1090 1063 dicitur
1116 988 1215 1061 Prin·

183 1135 187 1140 ·
245 1130 351 1201 ceps:
374 1105 464 1179 unde
487 1131 565 1179 eum
587 1104 726 1179 herbam
747 1100 947 1199 parietinam
971 1097 1122 1192 jocando
1147 1122 1213 1172 co·

245 1212 500 1310 gnominarunt.
523 1212 590 1285 Hic
610 1210 788 1309 praesedus
800 1207 988 1308 exagitatus
1003 1206 1051 1279 est
1062 1206 1215 1282 motibus

245 1322 370 1395 crebris
385 1349 395 1395 ε
408 1344 481 1397 uno
503 1320 661 1395 omnium
679 1318 852 1411 maximo,
869 1342 949 1392 cum
963 1316 1103 1392 collecta
1118 1317 1217 1413 plebs

244 1429 386 1519 infima,
406 1430 546 1502 domum
565 1429 637 1525 ejus
653 1414 763 1527 prope
784 1425 1104 1501 Constantinianum
1118 1425 1213 1499 lava·

245 1566 342 1615 crum
364 1539 493 1636 inbellis
515 1540 647 1614 facibus
672 1540 870 1615 incenderat
895 1542 933 1615 δι
957 1538 1149 1627 malleolis,
1175 1538 1215 1611 ni

243 1652 439 1725 vicinorum
460 1654 499 1727 &
523 1650 739 1723 familiarium
761 1649 876 1725 veloci
900 1646 1069 1722 concursu
1084 1673 1103 1720 a
1120 1646 1212 1720 sum-

243 1765 308 1839 mis
324 1765 489 1837 rectorum
502 1762 710 1837 culminibus
726 1763 830 1861 petita
841 1754 930 1835 saxis'
941 1765 980 1838 dt
998 1762 1123 1861 tegulis
1138 1759 1213 1835 abs·

244 1872 393 1948 ceffillet.
424 1874 541 1971 anue
564 1870 603 1944 vi
631 1874 767 1947 territus
794 1870 863 1969 ipse
892 1868 1048 1967 primiius
1074 1870 1213 1943 crebre·

241 1982 364 2058 scentis
395 1982 571 2056 seditionis
595 1982 630 2056 i'n
657 1982 791 2076 maius,
815 1982 943 2057 seceslit
967 1982 1010 2054 ad
1033 1980 1213 2066 Mulvium

193 2152 195 2167 .
241 2112 383 2190 pontem
406 2090 529 2191 (quem
551 2092 705 2166 struxisse
726 2092 880 2189 superior
897 2090 1021 2164 dicitur
1039 2083 1215 2187 Scaurus)

221 2294 222 2299 ἵ
241 2201 468 2274 adlenimeuta
481 2198 606 2271 ibidem
620 2201 785 2271 tumultus
796 2198 995 2294 opperiens,
1008 2201 1110 2296 quem'
1126 2222 1210 2269 cau-

240 2309 274 2382 sa
303 2308 537 2383 concitaverat
560 2307 683 2406 gravis.
712 2307 869 2396 AEdisicia
891 2308 1021 2407 erigere
1048 2310 1212 2383 exoriens

133 2420 142 2423 ’
240 2443 360 2507 nova,
379 2416 437 2489 vel
458 2416 592 2490 vetusta
608 2416 763 2513 quaedam
782 2416 967 2491 instaurans
983 2473 994 2508 ,
1010 2444 1082 2493 non
1103 2446 1146 2492 ex
1162 2420 1212 2492 ti·
1293 2433 1297 2438 '

240 2527 321 2601 tulis
345 2526 452 2600 solitis
472 2527 582 2625 parari
606 2524 744 2621 jubebat
761 2526 952 2625 impensas:
968 2529 1023 2602 sed
1041 2530 1066 2602 si
1082 2526 1211 2605 ferrum

240 2638 473 2735 querebatur,
496 2654 560 2709 aut‘
576 2636 777 2732 plumbum,
799 2654 930 2726 autres,
945 2656 1003 2711 aut
1021 2625 1212 2738 quidquam

239 2746 345 2819 simile
358 2799 369 2835 ,
383 2744 590 2843 apparitores
605 2742 891 2836 immittebantur,
905 2748 964 2844 qui
980 2749 1078 2821 velut
1091 2774 1210 2822 emen·

238 2878 289 2927 tes
301 2852 452 2941 diversa,
465 2870 621 2948 raperent
637 2851 764 2949 species
777 2854 870 2928 nulla
887 2856 996 2951 pretia
1009 2857 1209 2954 persolven-

190 2964 194 2973 ’
238 2966 309 3036 do:
325 2956 415 3034 unde
431 2961 648 3063 accensorum
662 2955 871 3037 iracundiam
884 2988 1072 3062 pauperum
1085 2965 1209 3041 damna

238 3070 435 3145 deflentium
450 3070 566 3144 crebra
585 3096 673 3167 aegre
685 3071 802 3169 potuit
813 3070 918 3145 celeri
932 3073 1040 3147 vitare
1053 3073 1210 3170 digressu.

93 3190 95 3197 ’
181 3276 184 3281 ¹
237 3179 391 3253 Advenit
414 3178 579 3260 successor
597 3178 668 3275 ejus
687 3206 732 3253 ex
749 3180 928 3279 quaefitore
948 3182 1064 3279 palatii
1077 3184 1209 3259 luven-
1230 3178 1263 3196 ”

239 3291 333 3379 tius,
362 3290 493 3396 integer
522 3292 559 3365 δι
583 3292 762 3389 prudens,
787 3292 1016 3384 Pannonius,
1031 3290 1128 3388 cujus
1146 3293 1208 3368 ad·

237 3401 441 3477 ministratio
465 3400 580 3499 quieta
611 3400 675 3475 fuit
706 3405 746 3477 δι
774 3402 932 3499 placida,
958 3402 1062 3499 copia
1094 3426 1227 3496 rerum¹

238 3511 395 3585 omnium
413 3511 534 3585 fluens.
553 3514 595 3584 E't
615 3510 710 3585 hunc
731 3534 872 3609 quoque
894 3511 1119 3586 discordantis
1139 3536 1211 3608 po·-

3 3626 4 3703 }
114 3689 128 3700 ,
237 3623 312 3720 puli
332 3621 513 3695 seditiones
535 3642 684 3694 terruere
706 3641 855 3696 cruentae
869 3674 885 3711 ,
900 3647 977 3720 quae
1000 3624 1067 3696 tale
1095 3645 1206 3719 nego·
1380 3697 1381 3706 χ

3 3720 4 3727 ¹
237 3731 324 3805 tium
342 3729 545 3818 excitavere.
567 3728 733 3807 Damasus
749 3734 789 3808 δι
807 3731 948 3806 Urbnus
966 3731 1065 3830 supra
1081 3732 1207 3811 burnan
