<?xml version="1.0" encoding="UTF-8"?>
<!DOCTYPE html PUBLIC "-//W3C//DTD XHTML 1.0 Transitional//EN"
    "http://www.w3.org/TR/xhtml1/DTD/xhtml1-transitional.dtd">
<html xmlns="http://www.w3.org/1999/xhtml" xml:lang="en" lang="en">
 <head>
  <title>
</title>
<meta http-equiv="Content-Type" content="text/html;charset=utf-8" />
  <meta name='ocr-system' content='tesseract 3.04.00' />
  <meta name='ocr-capabilities' content='ocr_page ocr_carea ocr_par ocr_line ocrx_word'/>
</head>
<body>
  <div class='ocr_page' id='page_1' title='image "ammianimarcelli00ernegoog_0011.png"; bbox 0 0 2775 4284; ppageno 0'>
   <div class='ocr_carea' id='block_1_1' title="bbox 234 213 1048 351">
    <p class='ocr_par' dir='ltr' id='par_1_1' title="bbox 234 213 1048 351">
     <span class='ocr_line' id='line_1_1' title="bbox 234 213 1048 351; baseline -0.001 -13"><span class='ocrx_word' id='word_1_1' title='bbox 234 269 259 351; x_wconf 76' lang='lat' dir='ltr'>t</span> <span class='ocrx_word' id='word_1_2' title='bbox 392 265 648 338; x_wconf 78' lang='lat' dir='ltr'>auuraur</span> <span class='ocrx_word' id='word_1_3' title='bbox 684 213 1048 340; x_wconf 71' lang='lat' dir='ltr'>urucauurur</span> 
     </span>
    </p>
   </div>
   <div class='ocr_carea' id='block_1_2' title="bbox 231 423 1217 1076">
    <p class='ocr_par' dir='ltr' id='par_1_2' title="bbox 231 423 1217 1076">
     <span class='ocr_line' id='line_1_2' title="bbox 235 423 1194 526; baseline 0.002 -28"><span class='ocrx_word' id='word_1_4' title='bbox 235 449 328 524; x_wconf 86' lang='lat' dir='ltr'>que,</span> <span class='ocrx_word' id='word_1_5' title='bbox 349 443 470 523; x_wconf 80' lang='lat' dir='ltr'>utpote</span> <span class='ocrx_word' id='word_1_6' title='bbox 492 425 677 526; x_wconf 77' lang='lat' dir='ltr'>regnorum</span> <span class='ocrx_word' id='word_1_7' title='bbox 696 425 845 524; x_wconf 71' lang='lat' dir='ltr'>sequelae</span> <span class='ocrx_word' id='word_1_8' title='bbox 856 425 1071 517; x_wconf 73' lang='lat' dir='ltr'>,vidoribus</span> <span class='ocrx_word' id='word_1_9' title='bbox 1085 423 1194 502; x_wconf 60' lang='lat' dir='ltr'>acces:</span> 
     </span>
     <span class='ocr_line' id='line_1_3' title="bbox 234 530 1217 641; baseline 0.002 -35"><span class='ocrx_word' id='word_1_10' title='bbox 234 533 340 641; x_wconf 79' lang='lat' dir='ltr'>spros.</span> <span class='ocrx_word' id='word_1_11' title='bbox 357 537 400 608; x_wconf 88' lang='lat' dir='ltr'>Et</span> <span class='ocrx_word' id='word_1_12' title='bbox 421 534 497 630; x_wconf 94' lang='lat' dir='ltr'>post</span> <span class='ocrx_word' id='word_1_13' title='bbox 511 536 584 610; x_wconf 82' lang='lat' dir='ltr'>haec</span> <span class='ocrx_word' id='word_1_14' title='bbox 597 553 871 632; x_wconf 74' lang='lat' dir='ltr'>pratecmeantes</span> <span class='ocrx_word' id='word_1_15' title='bbox 888 535 959 633; x_wconf 86' lang='lat' dir='ltr'>ipsa</span> <span class='ocrx_word' id='word_1_16' title='bbox 970 535 1100 610; x_wconf 85' lang='lat' dir='ltr'>moenia</span> <span class='ocrx_word' id='word_1_17' title='bbox 1110 545 1194 626; x_wconf 82' lang='lat' dir='ltr'>,na-</span> <span class='ocrx_word' id='word_1_18' title='bbox 1212 530 1217 539; x_wconf 72' lang='grc'><em>’</em></span> 
     </span>
     <span class='ocr_line' id='line_1_4' title="bbox 232 644 1195 746; baseline -0.002 -26"><span class='ocrx_word' id='word_1_19' title='bbox 232 669 295 720; x_wconf 80' lang='lat' dir='ltr'>vos</span> <span class='ocrx_word' id='word_1_20' title='bbox 315 644 445 718; x_wconf 82' lang='lat' dir='ltr'>nostras</span> <span class='ocrx_word' id='word_1_21' title='bbox 465 669 542 718; x_wconf 89' lang='lat' dir='ltr'>cum</span> <span class='ocrx_word' id='word_1_22' title='bbox 568 645 773 722; x_wconf 85' lang='lat' dir='ltr'>verecundia</span> <span class='ocrx_word' id='word_1_23' title='bbox 790 645 904 746; x_wconf 88' lang='lat' dir='ltr'>quiete</span> <span class='ocrx_word' id='word_1_24' title='bbox 923 645 1113 743; x_wconf 70' lang='lat' dir='ltr'>spedabant</span> <span class='ocrx_word' id='word_1_25' title='bbox 1126 646 1195 718; x_wconf 85' lang='lat' dir='ltr'>im·</span> 
     </span>
     <span class='ocr_line' id='line_1_5' title="bbox 231 754 1197 851; baseline 0.001 -23"><span class='ocrx_word' id='word_1_26' title='bbox 231 755 390 830; x_wconf 87' lang='lat' dir='ltr'><strong>mobiles.</strong></span> <span class='ocrx_word' id='word_1_27' title='bbox 404 759 489 851; x_wconf 88' lang='lat' dir='ltr'>Quo</span> <span class='ocrx_word' id='word_1_28' title='bbox 502 755 666 848; x_wconf 84' lang='lat' dir='ltr'>transito,</span> <span class='ocrx_word' id='word_1_29' title='bbox 685 782 764 832; x_wconf 88' lang='lat' dir='ltr'>cum</span> <span class='ocrx_word' id='word_1_30' title='bbox 785 757 829 830; x_wconf 92' lang='lat' dir='ltr'>ad</span> <span class='ocrx_word' id='word_1_31' title='bbox 840 754 1089 832; x_wconf 77' lang='lat' dir='ltr'>munimentum</span> <span class='ocrx_word' id='word_1_32' title='bbox 1103 754 1197 830; x_wconf 90' lang='lat' dir='ltr'>aliud</span> 
     </span>
     <span class='ocr_line' id='line_1_6' title="bbox 232 864 1197 956; baseline 0 -18"><span class='ocrx_word' id='word_1_33' title='bbox 232 866 458 940; x_wconf 82' lang='lat' dir='ltr'>Achaiachala</span> <span class='ocrx_word' id='word_1_34' title='bbox 476 866 617 940; x_wconf 90' lang='lat' dir='ltr'>nomine</span> <span class='ocrx_word' id='word_1_35' title='bbox 630 867 856 956; x_wconf 71' lang='lat' dir='ltr'>venissemus,</span> <span class='ocrx_word' id='word_1_36' title='bbox 876 864 1026 955; x_wconf 81' lang='lat' dir='ltr'>fluminis</span> <span class='ocrx_word' id='word_1_37' title='bbox 1038 866 1197 941; x_wconf 80' lang='lat' dir='ltr'>circumi·</span> 
     </span>
     <span class='ocr_line' id='line_1_7' title="bbox 232 967 1197 1076; baseline 0.001 -26"><span class='ocrx_word' id='word_1_38' title='bbox 232 975 331 1050; x_wconf 93' lang='lat' dir='ltr'>tione</span> <span class='ocrx_word' id='word_1_39' title='bbox 365 977 526 1050; x_wconf 88' lang='lat' dir='ltr'>vallatum</span> <span class='ocrx_word' id='word_1_40' title='bbox 545 1033 558 1067; x_wconf 93' lang='lat'>,</span> <span class='ocrx_word' id='word_1_41' title='bbox 576 967 795 1076; x_wconf 85' lang='lat' dir='ltr'>¹arduumque</span> <span class='ocrx_word' id='word_1_42' title='bbox 821 975 1034 1066; x_wconf 85' lang='lat' dir='ltr'>transcensu,</span> <span class='ocrx_word' id='word_1_43' title='bbox 1059 975 1197 1056; x_wconf 75' lang='lat' dir='ltr'>reserati</span> 
     </span>
    </p>
   </div>
   <div class='ocr_carea' id='block_1_3' title="bbox 232 1083 1258 1182">
    <p class='ocr_par' dir='ltr' id='par_1_3' title="bbox 232 1083 1258 1182">
     <span class='ocr_line' id='line_1_8' title="bbox 232 1083 1258 1182; baseline 0.002 -27"><span class='ocrx_word' id='word_1_44' title='bbox 232 1084 308 1182; x_wconf 88' lang='lat' dir='ltr'>pari</span> <span class='ocrx_word' id='word_1_45' title='bbox 327 1084 489 1182; x_wconf 88' lang='lat' dir='ltr'>responso</span> <span class='ocrx_word' id='word_1_46' title='bbox 507 1085 720 1161; x_wconf 86' lang='lat' dir='ltr'>diseeffimus.</span> <span class='ocrx_word' id='word_1_47' title='bbox 743 1084 817 1159; x_wconf 81' lang='lat' dir='ltr'>Alia</span> <span class='ocrx_word' id='word_1_48' title='bbox 837 1083 998 1182; x_wconf 78' lang='lat' dir='ltr'>postridie</span> <span class='ocrx_word' id='word_1_49' title='bbox 1019 1083 1122 1160; x_wconf 77' lang='lat' dir='ltr'>casira</span> <span class='ocrx_word' id='word_1_50' title='bbox 1148 1085 1198 1157; x_wconf 86' lang='lat' dir='ltr'>oh</span> <span class='ocrx_word' id='word_1_51' title='bbox 1250 1139 1258 1150; x_wconf 76' lang='lat'>.</span> 
     </span>
    </p>
   </div>
   <div class='ocr_carea' id='block_1_4' title="bbox 84 1194 1198 1402">
    <p class='ocr_par' dir='ltr' id='par_1_4' title="bbox 84 1194 1198 1402">
     <span class='ocr_line' id='line_1_9' title="bbox 84 1194 1197 1295; baseline 0.002 -27"><span class='ocrx_word' id='word_1_52' title='bbox 84 1213 88 1218; x_wconf 82' lang='lat'>&#39;</span> <span class='ocrx_word' id='word_1_53' title='bbox 232 1216 351 1290; x_wconf 89' lang='lat' dir='ltr'>muros</span> <span class='ocrx_word' id='word_1_54' title='bbox 378 1197 551 1272; x_wconf 81' lang='lat' dir='ltr'>inualidos</span> <span class='ocrx_word' id='word_1_55' title='bbox 577 1199 760 1288; x_wconf 71' lang='lat' dir='ltr'>derelicta,</span> <span class='ocrx_word' id='word_1_56' title='bbox 778 1213 1023 1295; x_wconf 73' lang='lat' dir='ltr'>pratereuntur</span> <span class='ocrx_word' id='word_1_57' title='bbox 1049 1194 1197 1270; x_wconf 84' lang='lat' dir='ltr'>incensa.</span> 
     </span>
     <span class='ocr_line' id='line_1_10' title="bbox 125 1299 1198 1402; baseline -0.003 -23"><span class='ocrx_word' id='word_1_58' title='bbox 125 1313 130 1320; x_wconf 87' lang='lat'>&#39;</span> <span class='ocrx_word' id='word_1_59' title='bbox 178 1391 184 1402; x_wconf 26' lang='grc' dir='ltr'>ί</span> <span class='ocrx_word' id='word_1_60' title='bbox 232 1302 369 1378; x_wconf 80' lang='lat' dir='ltr'>Postera</span> <span class='ocrx_word' id='word_1_61' title='bbox 393 1303 494 1402; x_wconf 86' lang='lat' dir='ltr'>igitur</span> <span class='ocrx_word' id='word_1_62' title='bbox 519 1304 779 1402; x_wconf 78' lang='lat' dir='ltr'>&amp;insequenti</span> <span class='ocrx_word' id='word_1_63' title='bbox 811 1305 866 1378; x_wconf 90' lang='lat' dir='ltr'>die</span> <span class='ocrx_word' id='word_1_64' title='bbox 894 1301 1006 1375; x_wconf 81' lang='lat' dir='ltr'>stadiis</span> <span class='ocrx_word' id='word_1_65' title='bbox 1041 1299 1198 1396; x_wconf 79' lang='lat' dir='ltr'>ducentis</span> 
     </span>
    </p>
   </div>
   <div class='ocr_carea' id='block_1_5' title="bbox 93 1403 1274 1618">
    <p class='ocr_par' dir='ltr' id='par_1_5' title="bbox 93 1403 1274 1618">
     <span class='ocr_line' id='line_1_11' title="bbox 232 1403 1274 1514; baseline -0.002 -28"><span class='ocrx_word' id='word_1_66' title='bbox 232 1412 393 1502; x_wconf 85' lang='lat' dir='ltr'>emenfis,</span> <span class='ocrx_word' id='word_1_67' title='bbox 407 1431 549 1486; x_wconf 86' lang='lat' dir='ltr'>ventum</span> <span class='ocrx_word' id='word_1_68' title='bbox 571 1412 620 1486; x_wconf 91' lang='lat' dir='ltr'>est</span> <span class='ocrx_word' id='word_1_69' title='bbox 639 1415 681 1486; x_wconf 93' lang='lat' dir='ltr'>ad</span> <span class='ocrx_word' id='word_1_70' title='bbox 704 1414 819 1488; x_wconf 88' lang='lat' dir='ltr'>locum</span> <span class='ocrx_word' id='word_1_71' title='bbox 834 1403 1082 1514; x_wconf 75' lang='lat' dir='ltr'>Baraxmalcha.</span> <span class='ocrx_word' id='word_1_72' title='bbox 1095 1411 1217 1485; x_wconf 79' lang='lat' dir='ltr'>Unde·</span> <span class='ocrx_word' id='word_1_73' title='bbox 1266 1406 1274 1429; x_wconf 78' lang='lat'><em>&#39;</em></span> 
     </span>
     <span class='ocr_line' id='line_1_12' title="bbox 93 1517 1234 1618; baseline 0 -27"><span class='ocrx_word' id='word_1_74' title='bbox 93 1531 100 1544; x_wconf 84' lang='lat'>‘</span> <span class='ocrx_word' id='word_1_75' title='bbox 230 1543 331 1592; x_wconf 86' lang='lat' dir='ltr'>amne</span> <span class='ocrx_word' id='word_1_76' title='bbox 355 1521 515 1610; x_wconf 83' lang='lat' dir='ltr'>transito,</span> <span class='ocrx_word' id='word_1_77' title='bbox 530 1521 691 1595; x_wconf 90' lang='lat' dir='ltr'>milliario</span> <span class='ocrx_word' id='word_1_78' title='bbox 718 1520 862 1618; x_wconf 88' lang='lat' dir='ltr'>septimo</span> <span class='ocrx_word' id='word_1_79' title='bbox 879 1518 1041 1616; x_wconf 87' lang='lat' dir='ltr'>disparata</span> <span class='ocrx_word' id='word_1_80' title='bbox 1057 1517 1198 1592; x_wconf 82' lang='lat' dir='ltr'>Diacira</span> <span class='ocrx_word' id='word_1_81' title='bbox 1230 1525 1234 1532; x_wconf 89' lang='grc'><strong><em>’</em></strong></span> 
     </span>
    </p>
   </div>
   <div class='ocr_carea' id='block_1_6' title="bbox 231 1623 1199 1719">
    <p class='ocr_par' dir='ltr' id='par_1_6' title="bbox 231 1623 1199 1719">
     <span class='ocr_line' id='line_1_13' title="bbox 231 1623 1199 1719; baseline -0.003 -21"><span class='ocrx_word' id='word_1_82' title='bbox 231 1623 410 1700; x_wconf 85' lang='lat' dir='ltr'>invaditur</span> <span class='ocrx_word' id='word_1_83' title='bbox 433 1628 579 1719; x_wconf 85' lang='lat' dir='ltr'>civitas,</span> <span class='ocrx_word' id='word_1_84' title='bbox 599 1625 846 1702; x_wconf 83' lang='lat' dir='ltr'>habitatoribus</span> <span class='ocrx_word' id='word_1_85' title='bbox 867 1649 1004 1714; x_wconf 83' lang='lat' dir='ltr'>vacrra,</span> <span class='ocrx_word' id='word_1_86' title='bbox 1021 1623 1199 1697; x_wconf 85' lang='lat' dir='ltr'>srulnento</span> 
     </span>
    </p>
   </div>
   <div class='ocr_carea' id='block_1_7' title="bbox 200 1732 1199 1837">
    <p class='ocr_par' dir='ltr' id='par_1_7' title="bbox 200 1732 1199 1837">
     <span class='ocr_line' id='line_1_14' title="bbox 200 1732 1199 1837; baseline -0.004 -29"><span class='ocrx_word' id='word_1_87' title='bbox 200 1757 204 1766; x_wconf 84' lang='grc'><strong>’</strong></span> <span class='ocrx_word' id='word_1_88' title='bbox 231 1736 272 1809; x_wconf 84' lang='lat'>&amp;</span> <span class='ocrx_word' id='word_1_89' title='bbox 293 1735 413 1810; x_wconf 87' lang='lat' dir='ltr'>salibus</span> <span class='ocrx_word' id='word_1_90' title='bbox 434 1737 550 1814; x_wconf 87' lang='lat' dir='ltr'>nitidis</span> <span class='ocrx_word' id='word_1_91' title='bbox 573 1737 694 1837; x_wconf 90' lang='lat' dir='ltr'>plena,</span> <span class='ocrx_word' id='word_1_92' title='bbox 713 1737 751 1810; x_wconf 92' lang='lat' dir='ltr'>in</span> <span class='ocrx_word' id='word_1_93' title='bbox 771 1761 840 1835; x_wconf 91' lang='lat' dir='ltr'>qua</span> <span class='ocrx_word' id='word_1_94' title='bbox 858 1733 1024 1831; x_wconf 88' lang='lat' dir='ltr'>templum</span> <span class='ocrx_word' id='word_1_95' title='bbox 1047 1734 1107 1809; x_wconf 85' lang='lat' dir='ltr'>alti</span> <span class='ocrx_word' id='word_1_96' title='bbox 1126 1732 1199 1808; x_wconf 88' lang='lat' dir='ltr'>cul·</span> 
     </span>
    </p>
   </div>
   <div class='ocr_carea' id='block_1_8' title="bbox 230 1844 1199 1949">
    <p class='ocr_par' dir='ltr' id='par_1_8' title="bbox 230 1844 1199 1949">
     <span class='ocr_line' id='line_1_15' title="bbox 230 1844 1199 1949; baseline -0.003 -29"><span class='ocrx_word' id='word_1_97' title='bbox 230 1845 333 1920; x_wconf 85' lang='lat' dir='ltr'>minis</span> <span class='ocrx_word' id='word_1_98' title='bbox 346 1848 417 1924; x_wconf 87' lang='lat' dir='ltr'>arei</span> <span class='ocrx_word' id='word_1_99' title='bbox 437 1849 587 1926; x_wconf 83' lang='lat' dir='ltr'>vidimus</span> <span class='ocrx_word' id='word_1_100' title='bbox 606 1848 849 1949; x_wconf 86' lang='lat' dir='ltr'>superpositum</span> <span class='ocrx_word' id='word_1_101' title='bbox 860 1875 871 1922; x_wconf 76' lang='lat' dir='ltr'>r</span> <span class='ocrx_word' id='word_1_102' title='bbox 883 1871 951 1944; x_wconf 88' lang='lat' dir='ltr'>qua</span> <span class='ocrx_word' id='word_1_103' title='bbox 967 1844 1118 1934; x_wconf 88' lang='lat' dir='ltr'>incensa,</span> <span class='ocrx_word' id='word_1_104' title='bbox 1132 1871 1199 1918; x_wconf 76' lang='lat' dir='ltr'>cae·</span> 
     </span>
    </p>
   </div>
   <div class='ocr_carea' id='block_1_9' title="bbox 229 1954 1198 2166">
    <p class='ocr_par' dir='ltr' id='par_1_9' title="bbox 229 1954 1198 2166">
     <span class='ocr_line' id='line_1_16' title="bbox 229 1954 1198 2062; baseline -0.003 -30"><span class='ocrx_word' id='word_1_105' title='bbox 229 1955 338 2056; x_wconf 78' lang='lat' dir='ltr'>fisque</span> <span class='ocrx_word' id='word_1_106' title='bbox 358 1961 555 2038; x_wconf 88' lang='lat' dir='ltr'>mulieribus</span> <span class='ocrx_word' id='word_1_107' title='bbox 575 1962 714 2062; x_wconf 83' lang='lat' dir='ltr'>paucis,</span> <span class='ocrx_word' id='word_1_108' title='bbox 728 1987 807 2060; x_wconf 77' lang='lat' dir='ltr'>quae</span> <span class='ocrx_word' id='word_1_109' title='bbox 828 1977 969 2056; x_wconf 72' lang='lat' dir='ltr'>reperta</span> <span class='ocrx_word' id='word_1_110' title='bbox 982 1957 1079 2046; x_wconf 89' lang='lat' dir='ltr'>lunt,</span> <span class='ocrx_word' id='word_1_111' title='bbox 1096 1954 1198 2054; x_wconf 82' lang='lat' dir='ltr'>traje-</span> 
     </span>
     <span class='ocr_line' id='line_1_17' title="bbox 229 2067 1198 2166; baseline -0.004 -24"><span class='ocrx_word' id='word_1_112' title='bbox 229 2067 287 2142; x_wconf 69' lang='lat' dir='ltr'>flo</span> <span class='ocrx_word' id='word_1_113' title='bbox 307 2067 404 2146; x_wconf 86' lang='lat' dir='ltr'>sonte</span> <span class='ocrx_word' id='word_1_114' title='bbox 422 2072 562 2148; x_wconf 85' lang='lat' dir='ltr'>scatenti</span> <span class='ocrx_word' id='word_1_115' title='bbox 583 2072 774 2158; x_wconf 80' lang='lat' dir='ltr'>bitumine,</span> <span class='ocrx_word' id='word_1_116' title='bbox 792 2068 1022 2166; x_wconf 78' lang='lat' dir='ltr'>Ozogardana</span> <span class='ocrx_word' id='word_1_117' title='bbox 1047 2089 1198 2164; x_wconf 64' lang='lat' dir='ltr'>occupa</span> 
     </span>
    </p>
   </div>
   <div class='ocr_carea' id='block_1_10' title="bbox 174 2161 1198 2276">
    <p class='ocr_par' dir='ltr' id='par_1_10' title="bbox 174 2161 1198 2276">
     <span class='ocr_line' id='line_1_18' title="bbox 174 2161 1198 2276; baseline -0.004 -26"><span class='ocrx_word' id='word_1_118' title='bbox 174 2219 178 2224; x_wconf 94' lang='lat'>·</span> <span class='ocrx_word' id='word_1_119' title='bbox 229 2175 346 2250; x_wconf 83' lang='lat' dir='ltr'>vimus</span> <span class='ocrx_word' id='word_1_120' title='bbox 358 2179 544 2274; x_wconf 84' lang='lat' dir='ltr'>oppidum,</span> <span class='ocrx_word' id='word_1_121' title='bbox 561 2179 657 2276; x_wconf 88' lang='lat' dir='ltr'>quod</span> <span class='ocrx_word' id='word_1_122' title='bbox 672 2161 858 2250; x_wconf 80' lang='lat' dir='ltr'>formidine</span> <span class='ocrx_word' id='word_1_123' title='bbox 870 2173 1084 2249; x_wconf 84' lang='lat' dir='ltr'>advenientis</span> <span class='ocrx_word' id='word_1_124' title='bbox 1097 2197 1198 2247; x_wconf 82' lang='lat' dir='ltr'>exer·</span> 
     </span>
    </p>
   </div>
   <div class='ocr_carea' id='block_1_11' title="bbox 180 3325 186 3338">
    <p class='ocr_par' dir='ltr' id='par_1_11' title="bbox 23 3115 186 4107">
     <span class='ocr_line' id='line_1_19' title="bbox 180 3325 186 3338; baseline 0 0"><span class='ocrx_word' id='word_1_125' title='bbox 180 3325 186 3338; x_wconf 24' lang='lat' dir='ltr'><strong><em>s</em></strong></span> 
     </span>
    </p>
   </div>
   <div class='ocr_carea' id='block_1_12' title="bbox 229 2281 1200 2601">
    <p class='ocr_par' dir='ltr' id='par_1_12' title="bbox 229 2281 1200 2601">
     <span class='ocr_line' id='line_1_20' title="bbox 229 2281 1200 2381; baseline -0.002 -23"><span class='ocrx_word' id='word_1_126' title='bbox 229 2283 318 2358; x_wconf 81' lang='lat' dir='ltr'>citus</span> <span class='ocrx_word' id='word_1_127' title='bbox 338 2283 454 2358; x_wconf 90' lang='lat' dir='ltr'>itidem</span> <span class='ocrx_word' id='word_1_128' title='bbox 477 2285 651 2360; x_wconf 84' lang='lat' dir='ltr'>deseruere</span> <span class='ocrx_word' id='word_1_129' title='bbox 669 2284 820 2360; x_wconf 86' lang='lat' dir='ltr'>cultores</span> <span class='ocrx_word' id='word_1_130' title='bbox 837 2311 847 2356; x_wconf 75' lang='lat' dir='ltr'>r</span> <span class='ocrx_word' id='word_1_131' title='bbox 883 2283 921 2357; x_wconf 88' lang='lat' dir='ltr'>in</span> <span class='ocrx_word' id='word_1_132' title='bbox 937 2307 1011 2381; x_wconf 84' lang='lat' dir='ltr'>quo</span> <span class='ocrx_word' id='word_1_133' title='bbox 1032 2281 1200 2380; x_wconf 81' lang='lat' dir='ltr'>principis</span> 
     </span>
     <span class='ocr_line' id='line_1_21' title="bbox 230 2391 1197 2499; baseline 0.002 -33"><span class='ocrx_word' id='word_1_134' title='bbox 230 2391 369 2489; x_wconf 74' lang='lat' dir='ltr'>Traiani</span> <span class='ocrx_word' id='word_1_135' title='bbox 384 2395 537 2468; x_wconf 77' lang='lat' dir='ltr'>&#39;tribunal</span> <span class='ocrx_word' id='word_1_136' title='bbox 555 2395 804 2470; x_wconf 85' lang='lat' dir='ltr'>ostendebatur.</span> <span class='ocrx_word' id='word_1_137' title='bbox 819 2396 893 2499; x_wconf 79' lang='lat' dir='ltr'>llac</span> <span class='ocrx_word' id='word_1_138' title='bbox 906 2418 1047 2493; x_wconf 87' lang='lat' dir='ltr'>quoque</span> <span class='ocrx_word' id='word_1_139' title='bbox 1061 2394 1197 2480; x_wconf 84' lang='lat' dir='ltr'>exusta,</span> 
     </span>
     <span class='ocr_line' id='line_1_22' title="bbox 230 2499 1198 2601; baseline -0.002 -25"><span class='ocrx_word' id='word_1_140' title='bbox 230 2501 340 2576; x_wconf 82' lang='lat' dir='ltr'>biduo</span> <span class='ocrx_word' id='word_1_141' title='bbox 362 2499 405 2576; x_wconf 81' lang='lat' dir='ltr'>ad</span> <span class='ocrx_word' id='word_1_142' title='bbox 421 2501 641 2578; x_wconf 68' lang='lat' dir='ltr'>resedionem</span> <span class='ocrx_word' id='word_1_143' title='bbox 659 2500 847 2601; x_wconf 83' lang='lat' dir='ltr'>&#39;corporum</span> <span class='ocrx_word' id='word_1_144' title='bbox 867 2500 975 2592; x_wconf 85' lang='lat' dir='ltr'>dato,</span> <span class='ocrx_word' id='word_1_145' title='bbox 1001 2526 1110 2600; x_wconf 81' lang='lat' dir='ltr'>prope</span> <span class='ocrx_word' id='word_1_146' title='bbox 1134 2525 1198 2574; x_wconf 85' lang='lat' dir='ltr'>ex·</span> 
     </span>
    </p>
   </div>
   <div class='ocr_carea' id='block_1_13' title="bbox 210 2612 1350 2822">
    <p class='ocr_par' dir='ltr' id='par_1_13' title="bbox 210 2612 1350 2822">
     <span class='ocr_line' id='line_1_23' title="bbox 225 2612 1350 2724; baseline 0.002 -40"><span class='ocrx_word' id='word_1_147' title='bbox 225 2630 377 2724; x_wconf 16' lang='lat' dir='ltr'>*eremum</span> <span class='ocrx_word' id='word_1_148' title='bbox 390 2615 809 2714; x_wconf 74' lang='lat' dir='ltr'>nodis,quaesecundum</span> <span class='ocrx_word' id='word_1_149' title='bbox 822 2615 912 2688; x_wconf 89' lang='lat' dir='ltr'>diem</span> <span class='ocrx_word' id='word_1_150' title='bbox 926 2612 1200 2701; x_wconf 74' lang='lat' dir='ltr'>secutaest‚Su·</span> <span class='ocrx_word' id='word_1_151' title='bbox 1347 2681 1350 2686; x_wconf 88' lang='lat'>.</span> 
     </span>
     <span class='ocr_line' id='line_1_24' title="bbox 210 2722 1200 2822; baseline 0.004 -32"><span class='ocrx_word' id='word_1_152' title='bbox 210 2723 315 2793; x_wconf 75' lang='lat' dir='ltr'>‚rena</span> <span class='ocrx_word' id='word_1_153' title='bbox 333 2722 409 2818; x_wconf 87' lang='lat' dir='ltr'>post</span> <span class='ocrx_word' id='word_1_154' title='bbox 423 2747 537 2821; x_wconf 81' lang='lat' dir='ltr'>regem</span> <span class='ocrx_word' id='word_1_155' title='bbox 551 2727 643 2822; x_wconf 89' lang='lat' dir='ltr'>apud</span> <span class='ocrx_word' id='word_1_156' title='bbox 663 2725 774 2800; x_wconf 84' lang='lat' dir='ltr'>Persas</span> <span class='ocrx_word' id='word_1_157' title='bbox 795 2722 1200 2821; x_wconf 18' lang='lat' dir='ltr'>promeritaevdignitatis,</span> 
     </span>
    </p>
   </div>
   <div class='ocr_carea' id='block_1_14' title="bbox 231 2829 1204 3040">
    <p class='ocr_par' dir='ltr' id='par_1_14' title="bbox 231 2829 1204 3040">
     <span class='ocr_line' id='line_1_25' title="bbox 231 2829 1204 2931; baseline -0.001 -28"><span class='ocrx_word' id='word_1_158' title='bbox 231 2831 270 2903; x_wconf 85' lang='lat'>&amp;</span> <span class='ocrx_word' id='word_1_159' title='bbox 282 2829 458 2904; x_wconf 83' lang='lat' dir='ltr'>Malechus</span> <span class='ocrx_word' id='word_1_160' title='bbox 477 2832 665 2907; x_wconf 85' lang='lat' dir='ltr'>Podosaces</span> <span class='ocrx_word' id='word_1_161' title='bbox 686 2833 851 2920; x_wconf 90' lang='lat' dir='ltr'>nomine,</span> <span class='ocrx_word' id='word_1_162' title='bbox 875 2831 1087 2931; x_wconf 84' lang='lat' dir='ltr'>Phylarchus</span> <span class='ocrx_word' id='word_1_163' title='bbox 1101 2832 1204 2903; x_wconf 69' lang='lat' dir='ltr'>Sara·</span> 
     </span>
     <span class='ocr_line' id='line_1_26' title="bbox 232 2933 1198 3040; baseline 0 -32"><span class='ocrx_word' id='word_1_164' title='bbox 232 2959 397 3011; x_wconf 80' lang='lat' dir='ltr'>cenorum</span> <span class='ocrx_word' id='word_1_165' title='bbox 409 2933 659 3040; x_wconf 74' lang='lat' dir='ltr'>lllsanitarum,</span> <span class='ocrx_word' id='word_1_166' title='bbox 675 2939 793 3016; x_wconf 78' lang='lat' dir='ltr'>samos</span> <span class='ocrx_word' id='word_1_167' title='bbox 806 2937 956 3015; x_wconf 88' lang='lat' dir='ltr'>nominis</span> <span class='ocrx_word' id='word_1_168' title='bbox 973 2935 1064 3022; x_wconf 88' lang='lat' dir='ltr'>latro</span> <span class='ocrx_word' id='word_1_169' title='bbox 1077 2935 1198 3024; x_wconf 76' lang='lat' dir='ltr'>,omni</span> 
     </span>
    </p>
   </div>
   <div class='ocr_carea' id='block_1_15' title="bbox 143 3045 1350 3151">
    <p class='ocr_par' dir='ltr' id='par_1_15' title="bbox 143 3045 1350 3151">
     <span class='ocr_line' id='line_1_27' title="bbox 143 3045 1350 3151; baseline -0.006 -28"><span class='ocrx_word' id='word_1_170' title='bbox 143 3062 146 3067; x_wconf 83' lang='lat'>&#39;</span> <span class='ocrx_word' id='word_1_171' title='bbox 231 3047 359 3122; x_wconf 71' lang='lat' dir='ltr'>sevitia</span> <span class='ocrx_word' id='word_1_172' title='bbox 385 3075 444 3147; x_wconf 89' lang='lat' dir='ltr'>per</span> <span class='ocrx_word' id='word_1_173' title='bbox 471 3053 606 3128; x_wconf 85' lang='lat' dir='ltr'>nostros</span> <span class='ocrx_word' id='word_1_174' title='bbox 628 3054 752 3129; x_wconf 81' lang='lat' dir='ltr'>limites</span> <span class='ocrx_word' id='word_1_175' title='bbox 777 3055 836 3127; x_wconf 92' lang='lat' dir='ltr'>diu</span> <span class='ocrx_word' id='word_1_176' title='bbox 859 3052 1044 3151; x_wconf 74' lang='lat' dir='ltr'>gradatus,</span> <span class='ocrx_word' id='word_1_177' title='bbox 1066 3045 1198 3120; x_wconf 67' lang='lat' dir='ltr'>sirudis</span> <span class='ocrx_word' id='word_1_178' title='bbox 1274 3109 1278 3116; x_wconf 75' lang='grc'><strong><em>,</em></strong></span> <span class='ocrx_word' id='word_1_179' title='bbox 1348 3112 1350 3116; x_wconf 85' lang='grc'>.</span> 
     </span>
    </p>
   </div>
   <div class='ocr_carea' id='block_1_16' title="bbox 219 3155 1199 3693">
    <p class='ocr_par' dir='ltr' id='par_1_16' title="bbox 219 3155 1199 3693">
     <span class='ocr_line' id='line_1_28' title="bbox 231 3155 1198 3263; baseline -0.007 -29"><span class='ocrx_word' id='word_1_180' title='bbox 231 3157 423 3234; x_wconf 79' lang='lat' dir='ltr'>Hormisdae</span> <span class='ocrx_word' id='word_1_181' title='bbox 440 3160 598 3252; x_wconf 85' lang='lat' dir='ltr'>insidiis,</span> <span class='ocrx_word' id='word_1_182' title='bbox 625 3188 729 3263; x_wconf 91' lang='lat' dir='ltr'>quem</span> <span class='ocrx_word' id='word_1_183' title='bbox 751 3163 793 3237; x_wconf 89' lang='lat' dir='ltr'>ad</span> <span class='ocrx_word' id='word_1_184' title='bbox 820 3160 1059 3261; x_wconf 86' lang='lat' dir='ltr'>speculandum</span> <span class='ocrx_word' id='word_1_185' title='bbox 1083 3155 1198 3230; x_wconf 80' lang='lat' dir='ltr'>exitu·</span> 
     </span>
     <span class='ocr_line' id='line_1_29' title="bbox 232 3267 1199 3368; baseline 0.001 -26"><span class='ocrx_word' id='word_1_186' title='bbox 232 3289 309 3342; x_wconf 84' lang='lat' dir='ltr'>rurn</span> <span class='ocrx_word' id='word_1_187' title='bbox 329 3267 497 3340; x_wconf 87' lang='lat' dir='ltr'>incertum</span> <span class='ocrx_word' id='word_1_188' title='bbox 519 3269 610 3346; x_wconf 84' lang='lat' dir='ltr'>unda</span> <span class='ocrx_word' id='word_1_189' title='bbox 631 3268 895 3368; x_wconf 71' lang='lat' dir='ltr'>praesenserant,</span> <span class='ocrx_word' id='word_1_190' title='bbox 918 3270 998 3343; x_wconf 94' lang='lat' dir='ltr'>ideo</span> <span class='ocrx_word' id='word_1_191' title='bbox 1023 3267 1099 3342; x_wconf 87' lang='lat' dir='ltr'>suut</span> <span class='ocrx_word' id='word_1_192' title='bbox 1121 3285 1199 3343; x_wconf 80' lang='lat' dir='ltr'>ten-</span> 
     </span>
     <span class='ocr_line' id='line_1_30' title="bbox 232 3376 1199 3481; baseline 0.005 -31"><span class='ocrx_word' id='word_1_193' title='bbox 232 3393 386 3450; x_wconf 84' lang='lat' dir='ltr'>tamento</span> <span class='ocrx_word' id='word_1_194' title='bbox 408 3376 553 3453; x_wconf 83' lang='lat' dir='ltr'>frustrari</span> <span class='ocrx_word' id='word_1_195' title='bbox 570 3434 582 3471; x_wconf 90' lang='lat'><strong>‚</strong></span> <span class='ocrx_word' id='word_1_196' title='bbox 602 3381 699 3481; x_wconf 85' lang='lat' dir='ltr'>quod</span> <span class='ocrx_word' id='word_1_197' title='bbox 722 3381 861 3480; x_wconf 85' lang='lat' dir='ltr'>angusta</span> <span class='ocrx_word' id='word_1_198' title='bbox 886 3379 1035 3454; x_wconf 85' lang='lat' dir='ltr'>fluminis</span> <span class='ocrx_word' id='word_1_199' title='bbox 1055 3377 1199 3455; x_wconf 84' lang='lat' dir='ltr'>interlu-</span> 
     </span>
     <span class='ocr_line' id='line_1_31' title="bbox 231 3477 1197 3588; baseline -0.001 -28"><span class='ocrx_word' id='word_1_200' title='bbox 231 3486 307 3560; x_wconf 77' lang='lat' dir='ltr'>vies</span> <span class='ocrx_word' id='word_1_201' title='bbox 327 3488 365 3562; x_wconf 79' lang='lat' dir='ltr'>dc</span> <span class='ocrx_word' id='word_1_202' title='bbox 386 3488 524 3584; x_wconf 79' lang='lat' dir='ltr'>praealta</span> <span class='ocrx_word' id='word_1_203' title='bbox 536 3490 668 3564; x_wconf 83' lang='lat' dir='ltr'>transiri</span> <span class='ocrx_word' id='word_1_204' title='bbox 686 3492 779 3566; x_wconf 84' lang='lat' dir='ltr'>vado</span> <span class='ocrx_word' id='word_1_205' title='bbox 790 3515 863 3566; x_wconf 86' lang='lat' dir='ltr'>non</span> <span class='ocrx_word' id='word_1_206' title='bbox 882 3490 1006 3588; x_wconf 87' lang='lat' dir='ltr'>potuit.</span> <span class='ocrx_word' id='word_1_207' title='bbox 1019 3492 1061 3561; x_wconf 82' lang='lat' dir='ltr'>Et</span> <span class='ocrx_word' id='word_1_208' title='bbox 1081 3477 1197 3585; x_wconf 80' lang='lat' dir='ltr'>primo</span> 
     </span>
     <span class='ocr_line' id='line_1_32' title="bbox 219 3588 1195 3693; baseline -0.007 -21"><span class='ocrx_word' id='word_1_209' title='bbox 219 3593 317 3674; x_wconf 72' lang='lat' dir='ltr'>&#39;lucis</span> <span class='ocrx_word' id='word_1_210' title='bbox 336 3597 509 3688; x_wconf 89' lang='lat' dir='ltr'>exordio,</span> <span class='ocrx_word' id='word_1_211' title='bbox 534 3604 613 3674; x_wconf 71' lang='lat' dir='ltr'>dum</span> <span class='ocrx_word' id='word_1_212' title='bbox 639 3599 744 3677; x_wconf 79' lang='lat' dir='ltr'>esent</span> <span class='ocrx_word' id='word_1_213' title='bbox 764 3588 878 3674; x_wconf 82' lang='lat' dir='ltr'>hostes</span> <span class='ocrx_word' id='word_1_214' title='bbox 904 3595 1031 3693; x_wconf 87' lang='lat' dir='ltr'>jamin</span> <span class='ocrx_word' id='word_1_215' title='bbox 1056 3595 1195 3670; x_wconf 85' lang='lat' dir='ltr'>comui·</span> 
     </span>
    </p>
   </div>
   <div class='ocr_carea' id='block_1_17' title="bbox 223 3706 1274 3843">
    <p class='ocr_par' dir='ltr' id='par_1_17' title="bbox 223 3706 1274 3843">
     <span class='ocr_line' id='line_1_33' title="bbox 223 3706 1274 3843; baseline -0.002 -61"><span class='ocrx_word' id='word_1_216' title='bbox 223 3721 286 3798; x_wconf 86' lang='lat' dir='ltr'>tu,</span> <span class='ocrx_word' id='word_1_217' title='bbox 313 3706 375 3801; x_wconf 85' lang='lat' dir='ltr'>vili</span> <span class='ocrx_word' id='word_1_218' title='bbox 393 3729 476 3790; x_wconf 88' lang='lat' dir='ltr'>tuuc</span> <span class='ocrx_word' id='word_1_219' title='bbox 493 3706 650 3814; x_wconf 84' lang='lat' dir='ltr'>primitus</span> <span class='ocrx_word' id='word_1_220' title='bbox 670 3707 802 3792; x_wconf 85' lang='lat' dir='ltr'>corusci</span> <span class='ocrx_word' id='word_1_221' title='bbox 825 3708 948 3808; x_wconf 84' lang='lat' dir='ltr'>galeis,</span> <span class='ocrx_word' id='word_1_222' title='bbox 963 3709 999 3784; x_wconf 79' lang='lat' dir='ltr'>dt</span> <span class='ocrx_word' id='word_1_223' title='bbox 1013 3707 1193 3791; x_wconf 70' lang='lat' dir='ltr'>horrentes</span> <span class='ocrx_word' id='word_1_224' title='bbox 1269 3804 1274 3843; x_wconf 71' lang='lat' dir='ltr'>r</span> 
     </span>
    </p>
   </div>
   <div class='ocr_carea' id='block_1_18' title="bbox 0 0 1392 4284">
    <p class='ocr_par' dir='ltr' id='par_1_18' title="bbox 0 0 1392 4284">
     <span class='ocr_line' id='line_1_34' title="bbox 0 0 1392 4284; baseline 0 0"><span class='ocrx_word' id='word_1_225' title='bbox 0 0 1392 4284; x_wconf 95' lang='lat' dir='ltr'> </span> 
     </span>
    </p>
   </div>
  </div>
 </body>
</html>
