2775 4284
214 230 290 321 ιςι
375 226 630 298 AMMIANI
654 220 1013 364 MARCELLINI

163 384 336 457 sedura
358 336 595 482 tranquilla
562 383 662 456 nimis
684 388 720 471 ἃς
741 384 829 457 leni:
853 385 910 483 qui
934 409 1108 481 nunquam
1130 386 1178 460 ab

136 482 428 569 humanitatis
442 494 526 567 slatu
540 494 684 588 dejectus
695 550 706 585 ,
719 490 882 570 sollicitus
897 514 977 598 erat
989 498 1027 570 δι
1039 498 1178 586 anxius,

133 640 141 659 ι
209 631 255 678 ne
276 606 370 701 quod
390 605 528 701 usquam
551 602 723 677 sadum
693 630 765 703 epus
784 606 971 735 asperum
962 589 1177 681 inveniretur
1283 668 1286 671 .

211 734 271 786 aut
288 716 435 787 dietum.
451 714 692 787 calumniarum
715 711 897 789 acerrimus
915 715 1116 805 insectator,
1134 714 1178 789 si·

213 824 262 897 sci
275 824 367 899 lucra
379 880 388 913 ‚
402 824 491 897 unde
504 842 656 921 poterat,
670 824 930 908 circumcidens,
945 820 1180 919 justorumque

211 933 386 1007 distindlor
404 936 442 1007 δι
461 934 585 1024 arbiter
606 934 725 1029 plenus
739 988 751 1022 ‚
767 933 801 1003 in
823 929 976 1029 subjeslis
995 930 1179 1004 admodum

212 1058 431 1137 temperatus.
463 1044 528 1117 Sed
555 1040 776 1114 obnubilabat
808 1041 881 1113 baec
911 1039 1027 1112 omnia
1057 1040 1184 1111 vitium

214 1176 332 1249 parum
347 1154 496 1248 quidem
522 1150 652 1224 noceni
672 1150 722 1221 rei
746 1151 947 1239 communi,
969 1146 1081 1222 sedin
1106 1147 1182 1226 alto

215 1258 328 1356 judice
346 1246 585 1351 maculosum,
606 1262 703 1357 quod
726 1259 920 1354 citeriorem
946 1261 1053 1339 vitam
1082 1282 1198 1356 paene·
1231 1305 1233 1312 ·

216 1395 357 1445 omnem
384 1394 579 1471 vergentem
601 1374 637 1445 in
665 1372 783 1445 luxum
805 1398 865 1469 per
880 1388 1094 1495 “argumenta
1109 1369 1185 1441 sce·-

216 1480 295 1551 nica
315 1482 516 1577 amoresque
534 1500 709 1579 peregerat
731 1507 794 1554 nec
818 1482 972 1570 vetitos,
997 1505 1062 1554 nec
1085 1479 1186 1551 ince·
1204 1532 1227 1578 4

205 1576 299 1666 slus.
327 1593 406 1665 Post
435 1594 527 1667 hu'nc
555 1595 673 1665 urbem
699 1594 788 1665 rexit
812 1535 1016 1690 Ampelitis,
1041 1590 1187 1687 cu'pidus

218 1700 289 1796 ipse
307 1726 445 1801 quoque
470 1704 712 1799 voluptatum,
735 1702 929 1775 Antiochiae
957 1700 1112 1824 genitus,
1139 1724 1186 1773 ex

144 1868 145 1874 ι
219 1810 379 1907 magistro
401 1812 596 1885 officiorum
621 1814 662 1888 ad
683 1810 960 1909 proconsulatum
986 1800 1155 1920 geminum
1172 1855 1217 1897 ,ι

219 1924 368 2023 indeque
386 1928 495 2002 multo
511 1928 628 2023 postea
651 1925 693 1998 ad
716 1925 921 2022 praeseslnrae
944 1926 1104 1998 culmen
1106 1949 1189 1996 eve·
1200 2005 1202 2008 ,

91 2023 131 2089 's
221 2034 320 2118 &tt-s
341 2037 441 2108 lessus
466 2037 548 2125 alia,
565 2036 660 2109 &ad
675 2036 794 2132 populi
819 2034 977 2107 savorem
997 2032 1189 2131 adipiscen-

222 2144 306 2217 dum
320 2146 522 2241 aptissimus
541 2170 788 2242 nonnunquam
805 2164 917 2216 tamen
930 2144 1071 2257 rigidus
1086 2162 1189 2238 atque
1241 2156 1248 2173 '
1366 2161 1367 2172 ¹

135 2340 141 2351 ,
223 2256 354 2327 utinam
376 2254 412 2349 ip
434 2255 614 2351 proposito
636 2254 862 2353 perseverans
869 2240 1082 2329 Correxisset
1096 2254 1190 2327 enim

122 2438 132 2460 .
224 2382 400 2460 exparte
424 2363 504 2435 licet
526 2364 666 2465 exigua,
680 2381 888 2438 irritamenta
904 2366 990 2463 gnlae
1011 2368 1065 2440 &
1049 2371 1190 2465 ganeas

223 2488 358 2559 taetras,
375 2498 411 2543 nr
401 2470 474 2544 fle
460 2498 541 2545 xus
560 2472 596 2544 in
615 2472 775 2546 molliora
806 2467 958 2547 amisisset
973 2474 1116 2599 gloriam
1131 2471 1191 2547 diu

113 2655 118 2660 .
224 2583 404 2659 victuram.
436 2559 591 2681 Namque
617 2582 796 2689 sla—tuerat,
823 2610 866 2659 ne
894 2586 1032 2659 taberna
1059 2583 1214 2657 vinaria

226 2712 305 2767 ante
330 2694 450 2767 horam
472 2714 623 2793 quartam
646 2681 855 2793 aperiretur,
873 2722 961 2769 neve
980 2722 1098 2794 aquam
1113 2695 1194 2765 vul·

91 2891 94 2908 .
228 2802 370 2900 ganum·
386 2798 584 2873 calefaceret
608 2801 782 2901 quisquam
796 2857 807 2892 ,
821 2805 877 2877 vel
898 2800 1042 2900 adusque
1062 2798 1194 2906 praesli7

125 2942 128 2949 ¹
229 2930 341 2983 tutum
361 2909 427 2981 diei
440 2909 587 3006 spatium
611 2910 689 2983 lixa
713 2915 843 2987 coslam
866 2930 1101 3014 propouer'ent
1117 2934 1194 2982 car·

228 3034 334 3107 nem,
359 3016 416 3089 vel
438 3018 600 3091 honestus
619 3001 757 3115 quidam
782 3019 955 3098 mandens
963 3005 1166 3092 ‘videretur
1158 3043 1195 3089 ur

119 1796 123 1827 l

231 3130 384 3255 publico.
398 3128 487 3220 Quae
509 3128 632 3224 probra
646 3130 777 3224 aliaque
796 3130 848 3202 his
862 3121 990 3225 majora
1011 3124 1282 3209 dissimula.

24 3242 26 3249 ‘
131 3265 135 3273 ’
231 3241 330 3314 tione
353 3239 423 3338 jugi
449 3232 628 3337 neglesla
619 3256 666 3311 ita
691 3238 886 3314 effrenatius
914 3239 1132 3323 exarserunt,
1159 3253 1198 3307 ut

233 3374 298 3422 nec
317 3348 532 3453 Epimenides
548 3347 604 3419 ille
622 3346 816 3436 Cretensis,
834 3347 857 3418 sr
872 3343 1100 3421 fabularum
1073 3365 1140 3418 rrtu
1155 3343 1200 3415 ab
1279 3384 1283 3400 ι

230 3459 351 3533 inferis
373 3460 538 3533 excitatus
557 3458 687 3531 redisset
710 3458 751 3531 ad
780 3457 915 3547 noslra,
939 3458 1033 3532 solus
1056 3479 1198 3553 purgare

200 3658 203 3663 ἱ
229 3566 402 3643 ”sufficeret
425 3570 593 3641 Romam:
608 3586 701 3647 tanta
725 3563 1015 3664 plerosquelabed
1031 3562 1200 3637 insanabi-

236 3681 320 3757 lium
336 3680 542 3783 flagitiorum
562 3670 734 3779 oppressit.
746 3681 789 3754 Et
808 3678 922 3779 primo
940 3676 1147 3764 nobilitatis,
1162 3691 1200 3747 ut
