2775 4284
133 280 144 291 “
232 302 301 375 ιιι
358 261 1064 386 nnnrnutttnucarmnt‘
1179 316 1186 349 ·

228 438 369 533 venerat
391 462 469 533 ant'e
491 434 727 556 ptaelirudlus,
744 476 785 531 ut
807 434 1020 531 securitatem
1045 452 1173 529 suam‘
1162 482 1202 528 ιιι

194 652 197 663 Ι
227 570 306 642 tuiti
325 569 478 659 locaret,
499 574 723 640 numerorum
744 555 922 665 principiis
948 590 1011 691 per
1035 564 1202 663 quosdam

228 676 440 752 secretorum
465 620 684 751 insudaverat
709 674 898 757 conscios
915 673 1012 747 utri
1037 691 1203 771 tanquam
1235 754 1239 761 ,

228 786 366 885 potenti
379 790 419 860 dt
432 783 549 882 palatii
572 782 793 857 summatibus
814 781 999 877 proximo,
1019 778 1201 877 stipendii,

208 896 327 994 xquod
346 898 549 995 pertulerat,
564 895 762 993 praestarent
783 894 965 967 maximam
988 900 1138 990 partem:
1161 896 1203 967 δε

229 1004 279 1078 ita
301 1005 350 1079 est
372 1006 508 1079 fadlum.
536 1002 796 1103 Confestimque
818 1001 876 1075 ille
902 1001 1027 1075 ditatus
1052 1001 1206 1100 perrexit

230 1117 275 1191 ad
300 1116 456 1213 Leptim.
475 1138 579 1214 utque
599 1116 642 1188 ad
670 1114 823 1188 veritatis
848 1110 1045 1210 perveniret
1069 1110 1205 1208 indagi-

156 1242 159 1250 ’
230 1248 335 1312 nem,
354 1226 576 1301 Erechthium
598 1228 636 1300 &
655 1222 909 1296 Aristomenem
934 1220 1101 1322 facundos
1127 1246 1205 1292 mu

230 1336 361 1433 nicipes
378 1340 417 1411 &
439 1336 610 1435 insignes,
629 1335 734 1407 libere
754 1332 880 1405 suas
851 1332 1102 1429 civiumque&
1123 1326 1210 1401 fini:

231 1447 397 1519 timorum
420 1464 609 1519 retexentes
637 1467 821 1531 aerumnas,
837 1442 878 1513 ad
897 1441 976 1513 loca
998 1438 1126 1511 vallata
1150 1436 1205 1509 se·

231 1570 311 1633 'eum
333 1559 462 1632 eduxit.
484 1558 620 1650 Quibus
639 1572 754 1649 aperte
773 1552 894 1625 euntia
911 1546 1205 1639 monstrantibus,

164 1660 187 1722 ἰ
229 1668 390 1741 ludiuosts
403 1690 599 1767 provincia
612 1664 783 1740 cineribus
798 1663 877 1737 vtlis
890 1679 1056 1735 revertit
1069 1664 1206 1742 Romae

231 1798 387 1877 numque
406 1793 444 1847 ut
466 1774 642 1849 desidem
632 1797 836 1874 increpans,
848 1770 1032 1845 relaturum
1059 1768 1093 1842 se
1114 1782 1206 1843 cun-¹

231 1886 284 1959 &a
298 1884 479 1975 venffime,
491 1910 567 1981 quae
572 1882 729 1972 viderat
741 1879 933 1957 minabatur
942 1880 986 1951 ad
997 1876 1206 1975 Principem

230 1996 346 2093 Atque
367 1994 451 2067 ille
443 2020 491 2065 rra
510 1994 656 2090 perc-itus
679 1994 719 2065 dt
734 1992 884 2079 dolore,
906 1988 939 2062 se
956 2015 1095 2089 quoque
1117 2014 1207 2064 mox

230 2100 358 2175 referre
381 2100 549 2189 firmavit,
564 2100 662 2197 quod
682 2097 795 2170 millu's
813 2114 852 2169 ut
866 2091 1022 2171 notarius
1042 2097 1207 2171 incorru-
1272 2102 1277 2109 ⁴

231 2229 341 2309 ptus,
361 2210 566 2282 donativum
589 2208 707 2279 militis
720 2230 825 2277 omne
843 2174 1047 2305 iniquaellus
1069 2205 1206 2280 averte·

232 2318 277 2391 tit
303 2316 474 2414 proprios.
497 2283 585 2409 Qua
607 2313 713 2413 'gratia
734 2312 944 2411 flagitiorum
971 2316 1098 2389 arbitra
1116 2340 1207 2390 con-

232 2424 396 2515 scientia,
415 2452 493 2500 cum
507 2428 669 2497 Romano
684 2424 806 2496 deinde
827 2424 992 2499 Palladius
1012 2426 1206 2501 concorda·

231 2538 320 2610 hat:
346 2528 566 2633 reversusque
589 2538 630 2607 ad
656 2535 888 2627 comitatum,
908 2558 981 2611 arte
1004 2537 1205 2611 mendacio-

232 2670 315 2721 rum
326 2646 431 2744 impia
457 2646 733 2719 Valentinianum
759 2645 948 2740 fefellerat,
962 2648 1205 2748 Tripolitanos

229 2756 353 2831 frustra
389 2757 486 2861 queri
517 2780 803 2836 commemorans.
834 2758 983 2857 ldeoque
1011 2758 1123 2832 rursus
1157 2760 1201 2832 ad

232 2869 384 2943 Africam
398 2893 476 2941 cum
488 2869 634 2958 Jovino,
643 2867 818 2965 poliremo
829 2872 984 2942 omniurn
998 2870 1202 2968 legatorum,

232 2976 437 3067 remittitur,
459 2976 682 3077 (pancratius
701 2978 792 3051 enim
808 2978 989 3053 decefferat
1011 2978 1099 3075 apud
1115 2978 1203 3049 Tre·

232 3092 366 3181 veros)
392 3106 430 3159 ut
449 3114 527 3163 cum
545 3088 685 3161 vicario
693 3086 764 3185 ipse
779 3090 899 3162 merita
914 3088 1094 3187 legationis
1107 3112 1201 3185 quo·

231 3222 301 3296 que
322 3197 477 3270 secunda
499 3198 683 3295 spestaret·
706 3217 828 3295 prater
859 3201 932 3273 haec
954 3200 1090 3298 linguas
1118 3202 1202 3271 Ere·

232 3307 341 3383 chthii
365 3310 404 3384 δι
430 3307 653 3380 Aristomenis
674 3308 814 3414 praecidi
834 3308 969 3404 jullerat
991 3315 1203 3407 Imperator,
1270 3379 1274 3385 .

230 3444 321 3516 quos
340 3418 510 3492 invidiosa
531 3418 683 3516 quadam
701 3419 840 3494 locutos
860 3421 947 3493 idern
964 3420 1155 3493 Palladius
1146 3448 1203 3492 ιιι-
1207 3435 1210 3444 “

109 3602 110 3610 ,
232 3529 377 3603 timaret.
397 3530 558 3618 Secutus,
570 3548 608 3599 ιιι
619 3527 775 3600 flaturum
789 3529 850 3619 est
864 3529 1031 3604 vicarium
1047 3529 1203 3603 notarius

232 3638 328 3711 venit
339 3637 380 3709 ad
388 3637 573 3732 Tripolim.
582 3641 730 3736 Hocque
744 3660 939 3737 comperto,
948 3642 1124 3712 Romanus
1138 3639 1204 3709 do·

232 3746 408 3821 metricum
428 3743 524 3833 suum
538 3744 622 3821 illuc
638 3747 830 3823 volucriter
843 3748 953 3839 mifit,
972 3744 1204 3823 &Caecilium
