2775 4284
218 230 277 348 ,s
360 177 1033 330 rnutnmurttcbtttut

73 459 78 466 ,
108 371 110 376 ’
214 383 346 484 fragosa
370 386 561 462 vitabantur
581 387 620 462 δι
636 386 772 485 aspera,
790 406 892 485 potus
914 386 1032 484 inopia
1048 408 1182 484 preme·

167 501 184 525 ²
213 494 334 570 bamur
358 496 395 568 &
419 494 497 570 cibi.
627 561 631 569 .

246 609 353 698 ,vtlt
374 609 416 679 Et
433 633 500 704 pax
523 606 632 704 specie
648 607 868 682 humanitatis
886 608 1039 695 indulta„
1052 604 1088 678 in
1102 631 1180 703 per·

214 715 339 792 niciem
354 716 401 790 est
419 717 515 790 versa
530 717 718 792 multorum
735 744 744 791 r
758 718 838 816 qui,
853 717 939 791 fame
953 715 1098 814 adusque
1112 712 1179 812 spi·
1223 798 1227 811 .

214 827 319 904 ritum
342 827 478 901 lacerati
508 829 740 928 poslremum,
760 829 909 928 ideoque
930 828 1073 902 latenter
1096 849 1181 922 pro·
1221 898 1232 908 ,

215 936 335 1036 gressi,
358 955 416 1010 aut
431 936 599 1035 imperitia
618 939 722 1011 nandi
739 933 870 1037 gurgite
884 937 1035 1012 fluminis
1051 937 1181 1009 adhau-

214 1045 408 1168 riebantur:
434 1052 491 1119 dut
511 1045 536 1118 li
561 1047 726 1120 undarum
742 1047 777 1121 vi
792 1046 942 1144 superata
965 1043 1124 1118 venirent
1138 1042 1182 1114 ad

121 1205 125 1211 ι
216 1154 333 1250 ripas,
358 1152 571 1230 aSatacenis
593 1149 651 1228 vel
679 1155 784 1229 Persis
803 1153 945 1253 (quos,
971 1173 1009 1225 ut
1035 1151 1184 1224 diximus

216 1263 320 1362 paulo
349 1283 454 1354 ante,
485 1264 713 1338 exturbavere
744 1263 939 1363 Germani)
965 1263 1184 1338 caedebantur

162 1400 164 1406 ·
216 1392 256 1448 ut
276 1397 428 1471 pecora,
450 1375 507 1448 vel
520 1375 659 1472 longius
669 1376 839 1457 amandati
854 1375 929 1453 sunt
942 1369 1184 1450 venumdandi

113 1497 115 1505 '
150 1545 153 1565 .
217 1485 287 1559 Ubi
310 1509 398 1558 vero
420 1485 612 1560 transeundi
626 1487 749 1580 amnis
772 1506 887 1582 aperte
909 1487 1092 1590 signum
1062 1482 1184 1554 dedere

218 1593 376 1671 buccinae
407 1615 677 1694 concrepantes,
692 1598 850 1678 immane
874 1622 948 1694 qno
983 1612 1183 1691 quantoque
1260 1671 1265 1677 ,

167 1791 172 1808 κ
217 1702 339 1777 ardore
370 1724 496 1778 temere
530 1705 696 1802 rapiendo
722 1724 896 1779 momenta
923 1701 1185 1801 periculorum,

11 1832 65 1914 J
172 1865 174 1873 ι
218 1809 416 1886 semets
337 1813 395 1912 qui
398 1813 476 1912 que
489 1813 626 1912 reliquis
641 1815 801 1888 omnibus
819 1832 1054 1910 anteponens,
1073 1807 1188 1902 vitare
1285 1860 1294 1871 s

217 1921 330 2004 multa⁴
347 1924 386 1999 δι
408 1923 569 1998 terribilia
593 1922 768 2049 sellipabat
781 1951 789 1996 ε
804 1927 842 1998 δι
862 1949 939 2020 pars
963 1919 1110 1993 cratibus
1131 1936 1186 1990 te·

218 2047 311 2108 mere
333 2031 436 2106 textis
456 2030 605 2128 jumenta
618 2054 804 2117 retinentes
815 2032 895 2108 hinc
913 2033 993 2106 inde
1010 2028 1184 2118 natantia;

57 2113 101 2165 ”
218 2141 275 2215 alii
291 2142 533 2238 supersidentes
546 2145 700 2233 utribus,
720 2145 857 2240 quidam
874 2140 1054 2218 diversam
1068 2139 1185 2217 neces-

217 2250 322 2324 stratis
352 2251 499 2344 abrupto
525 2250 698 2322 versantes
714 2252 909 2340 ,undarum
931 2236 1185 2324 occursantium

219 2357 340 2434 ssttslus
358 2357 521 2464 obliquis
548 2359 713 2433 meatibus
740 2352 971 2458 penetrabant
997 2363 1185 2458 impertitor

202 2450 292 2564 'ipse
314 2453 478 2554 brevibus
498 2439 616 2540 lembis
630 2493 749 2567 ,quos
773 2468 847 2566 post
871 2468 1022 2543 exustam
1050 2469 1184 2560 classem
1251 2488 1257 2492 ’
1304 2478 1306 2482 ’

220 2579 402 2658 docuimus
431 2577 650 2672 remansisse,
685 2605 762 2652 cnm
793 2579 909 2678 paucis
944 2577 1187 2673 transveslus,

220 2690 351 2792 erdem¹
369 2689 503 2788 navigia
527 2669 619 2762 ultro
646 2689 803 2786 citroque
828 2689 1014 2762 discurrere
1032 2689 1187 2786 satuit,

218 2800 302 2880 dunt
324 2823 445 2872 omnes
474 2798 1010 2899 copvebetemur.1andemque
1038 2799 1187 2873 universi

220 2928 343 3008 praeter
369 2907 497 2982 mersos
523 2907 566 2980 ad
591 2907 770 2982 ulteriores
800 2910 958 2982 venimus
992 2909 1189 3008 margines,

133 3030 141 3119 j
222 3017 475 3114 savore.superi
496 3015 645 3099 numinis
667 3015 860 3090 discrimine
880 3039 940 3116 per
961 3019 1115 3093 difficiles
1130 3045 1188 3093 ca·

221 3127 275 3204 sus
289 3127 443 3206 extradi,
457 3127 554 3202 Dum
569 3151 634 3200 nos
646 3127 868 3223 pendentium
887 3154 1111 3232 aerumnarum
1124 3141 1188 3226 op·'
1291 3188 1302 3197 ,

97 3320 101 3324 ,
155 3320 159 3333 x
221 3239 340 3338 primit
362 3238 490 3338 timor,
517 3254 732 3340 compertum
759 3238 806 3310 est
829 3239 1105 3335 procursatorum
1120 3239 1188 3336 in·

224 3347 337 3435 dicio,
356 3345 468 3422 Persas
482 3367 622 3442 pontem
637 3343 777 3444 jungere
793 3346 914 3444 procul
935 3347 1085 3443 enostro
1098 3373 1189 3421 con·

185 3461 189 3472 ’
221 3459 357 3558 spediu,
378 3477 416 3532 ut
433 3458 510 3558 post
535 3446 699 3530 firmatam
723 3476 842 3554 pacem
862 3456 1048 3532 &foedera
1069 3457 1189 3556 sopitis

153 3662 156 3667 f
182 3626 188 3634 s
218 3571 304 3646 belli
321 3571 512 3645 turbinibus
530 3624 543 3658 ,
572 3566 774 3642 incuriosius
793 3568 980 3665 gradientes
997 3584 1130 3667 aegtos',
1149 3571 1195 3659 ὅς

163 3709 164 3712 ’
225 3677 381 3758 animatia
403 3694 559 3779 peterent
580 3678 638 3754 diu
652 3677 844 3780 ,defatigata
868 3704 877 3754 ε
898 3704 1018 3759 verum
1047 3703 1126 3766 cum
1153 3676 1189 3752 se
