<?xml version="1.0" encoding="UTF-8"?>
<!DOCTYPE html PUBLIC "-//W3C//DTD XHTML 1.0 Transitional//EN"
    "http://www.w3.org/TR/xhtml1/DTD/xhtml1-transitional.dtd">
<html xmlns="http://www.w3.org/1999/xhtml" xml:lang="en" lang="en">
 <head>
  <title>
</title>
<meta http-equiv="Content-Type" content="text/html;charset=utf-8" />
  <meta name='ocr-system' content='tesseract 3.04.00' />
  <meta name='ocr-capabilities' content='ocr_page ocr_carea ocr_par ocr_line ocrx_word'/>
</head>
<body>
  <div class='ocr_page' id='page_1' title='image "ammianimarcelli00ernegoog_0029.png"; bbox 0 0 2775 4284; ppageno 0'>
   <div class='ocr_carea' id='block_1_1' title="bbox 203 247 1024 364">
    <p class='ocr_par' dir='ltr' id='par_1_1' title="bbox 203 247 1024 364">
     <span class='ocr_line' id='line_1_1' title="bbox 203 247 1024 364; baseline -0.002 -38"><span class='ocrx_word' id='word_1_1' title='bbox 203 269 262 346; x_wconf 53' lang='grc' dir='ltr'><strong>ιι</strong></span> <span class='ocrx_word' id='word_1_2' title='bbox 376 247 634 327; x_wconf 80' lang='lat' dir='ltr'><strong>nuutnur</strong></span> <span class='ocrx_word' id='word_1_3' title='bbox 663 249 1024 364; x_wconf 75' lang='lat' dir='ltr'><strong>unucettrut</strong></span> 
     </span>
    </p>
   </div>
   <div class='ocr_carea' id='block_1_2' title="bbox 214 412 1295 512">
    <p class='ocr_par' dir='ltr' id='par_1_2' title="bbox 214 356 1355 512">
     <span class='ocr_line' id='line_1_2' title="bbox 214 412 1295 512; baseline -0.004 -20"><span class='ocrx_word' id='word_1_4' title='bbox 214 416 373 492; x_wconf 81' lang='lat' dir='ltr'><strong>serrorum</strong></span> <span class='ocrx_word' id='word_1_5' title='bbox 397 417 543 490; x_wconf 88' lang='lat' dir='ltr'><strong>obruere</strong></span> <span class='ocrx_word' id='word_1_6' title='bbox 561 414 760 489; x_wconf 89' lang='lat' dir='ltr'><strong>multorum.</strong></span> <span class='ocrx_word' id='word_1_7' title='bbox 781 413 923 512; x_wconf 86' lang='lat' dir='ltr'><strong>Hacque</strong></span> <span class='ocrx_word' id='word_1_8' title='bbox 940 412 1032 486; x_wconf 83' lang='lat' dir='ltr'><strong>valle</strong></span> <span class='ocrx_word' id='word_1_9' title='bbox 1059 425 1188 511; x_wconf 56' lang='lat' dir='ltr'><strong>purga&amp;</strong></span> <span class='ocrx_word' id='word_1_10' title='bbox 1292 496 1295 506; x_wconf 25' lang='grc' dir='ltr'>Ι</span> 
     </span>
    </p>
   </div>
   <div class='ocr_carea' id='block_1_3' title="bbox 120 519 1322 2933">
    <p class='ocr_par' dir='ltr' id='par_1_3' title="bbox 120 519 1297 1618">
     <span class='ocr_line' id='line_1_3' title="bbox 215 519 1188 628; baseline -0.006 -28"><span class='ocrx_word' id='word_1_11' title='bbox 215 549 272 615; x_wconf 88' lang='lat' dir='ltr'><strong>ra,</strong></span> <span class='ocrx_word' id='word_1_12' title='bbox 291 524 415 628; x_wconf 72' lang='lat' dir='ltr'><strong>avulsrs</strong></span> <span class='ocrx_word' id='word_1_13' title='bbox 437 523 609 599; x_wconf 72' lang='lat' dir='ltr'><strong>cataradlis</strong></span> <span class='ocrx_word' id='word_1_14' title='bbox 628 521 796 599; x_wconf 82' lang='lat' dir='ltr'><strong>undarum</strong></span> <span class='ocrx_word' id='word_1_15' title='bbox 817 519 1049 627; x_wconf 78' lang='lat' dir='ltr'><strong>magnitudine</strong></span> <span class='ocrx_word' id='word_1_16' title='bbox 1078 520 1188 594; x_wconf 87' lang='lat' dir='ltr'><strong>claffis</strong></span> 
     </span>
     <span class='ocr_line' id='line_1_4' title="bbox 215 628 1190 725; baseline -0.004 -19"><span class='ocrx_word' id='word_1_17' title='bbox 215 631 332 706; x_wconf 83' lang='lat' dir='ltr'><strong>secura</strong></span> <span class='ocrx_word' id='word_1_18' title='bbox 351 631 463 706; x_wconf 84' lang='lat' dir='ltr'><strong>stadiis</strong></span> <span class='ocrx_word' id='word_1_19' title='bbox 488 653 577 704; x_wconf 86' lang='lat' dir='ltr'><strong>xxx</strong></span> <span class='ocrx_word' id='word_1_20' title='bbox 597 631 744 707; x_wconf 83' lang='lat' dir='ltr'><strong>decurfis</strong></span> <span class='ocrx_word' id='word_1_21' title='bbox 760 683 773 724; x_wconf 90' lang='lat'><strong>,</strong></span> <span class='ocrx_word' id='word_1_22' title='bbox 792 631 829 704; x_wconf 88' lang='lat' dir='ltr'><strong>in</strong></span> <span class='ocrx_word' id='word_1_23' title='bbox 850 632 989 704; x_wconf 87' lang='lat' dir='ltr'><strong>alveum</strong></span> <span class='ocrx_word' id='word_1_24' title='bbox 1008 628 1112 725; x_wconf 70' lang='lat' dir='ltr'><strong>ejedta</strong></span> <span class='ocrx_word' id='word_1_25' title='bbox 1137 629 1190 703; x_wconf 87' lang='lat' dir='ltr'><strong>est</strong></span> 
     </span>
     <span class='ocr_line' id='line_1_5' title="bbox 216 740 1191 840; baseline -0.002 -26"><span class='ocrx_word' id='word_1_26' title='bbox 216 740 392 839; x_wconf 84' lang='lat' dir='ltr'><strong>Tigridis:</strong></span> <span class='ocrx_word' id='word_1_27' title='bbox 408 743 448 816; x_wconf 86' lang='lat'>&amp;</span> <span class='ocrx_word' id='word_1_28' title='bbox 469 741 643 815; x_wconf 84' lang='lat' dir='ltr'><strong>c&#39;ontextis</strong></span> <span class='ocrx_word' id='word_1_29' title='bbox 669 741 767 816; x_wconf 86' lang='lat' dir='ltr'><strong>illico</strong></span> <span class='ocrx_word' id='word_1_30' title='bbox 786 741 953 840; x_wconf 90' lang='lat' dir='ltr'><strong>pontibus</strong></span> <span class='ocrx_word' id='word_1_31' title='bbox 973 740 1191 840; x_wconf 81' lang='lat' dir='ltr'><strong>transgrellus</strong></span> 
     </span>
     <span class='ocr_line' id='line_1_6' title="bbox 216 852 1190 953; baseline -0.003 -24"><span class='ocrx_word' id='word_1_32' title='bbox 216 852 416 942; x_wconf 83' lang='lat' dir='ltr'><strong>exereitus,</strong></span> <span class='ocrx_word' id='word_1_33' title='bbox 443 852 508 927; x_wconf 89' lang='lat' dir='ltr'><strong>iter</strong></span> <span class='ocrx_word' id='word_1_34' title='bbox 532 854 679 928; x_wconf 88' lang='lat' dir='ltr'>Cochen</span> <span class='ocrx_word' id='word_1_35' title='bbox 709 853 826 933; x_wconf 81' lang='lat' dir='ltr'><strong>versus</strong></span> <span class='ocrx_word' id='word_1_36' title='bbox 851 852 1045 953; x_wconf 84' lang='lat' dir='ltr'><strong>promovit.</strong></span> <span class='ocrx_word' id='word_1_37' title='bbox 1070 856 1190 950; x_wconf 90' lang='lat' dir='ltr'><strong>thue</strong></span> 
     </span>
     <span class='ocr_line' id='line_1_7' title="bbox 120 960 1192 1064; baseline 0.001 -27"><span class='ocrx_word' id='word_1_38' title='bbox 120 1051 129 1057; x_wconf 22' lang='lat' dir='ltr'>q</span> <span class='ocrx_word' id='word_1_39' title='bbox 217 963 399 1038; x_wconf 85' lang='lat' dir='ltr'><strong>lallitudini</strong></span> <span class='ocrx_word' id='word_1_40' title='bbox 411 960 604 1040; x_wconf 86' lang='lat' dir='ltr'><strong>succederet</strong></span> <span class='ocrx_word' id='word_1_41' title='bbox 615 964 712 1064; x_wconf 81' lang='lat' dir='ltr'><strong>quies</strong></span> <span class='ocrx_word' id='word_1_42' title='bbox 723 965 990 1062; x_wconf 77' lang='lat' dir='ltr'><strong>opportuna,in</strong></span> <span class='ocrx_word' id='word_1_43' title='bbox 1005 989 1090 1064; x_wconf 86' lang='lat' dir='ltr'><strong>agro</strong></span> <span class='ocrx_word' id='word_1_44' title='bbox 1102 989 1192 1039; x_wconf 89' lang='lat' dir='ltr'><strong>con·</strong></span> 
     </span>
     <span class='ocr_line' id='line_1_8' title="bbox 218 1069 1192 1173; baseline -0.005 -25"><span class='ocrx_word' id='word_1_45' title='bbox 218 1074 366 1148; x_wconf 78' lang='lat' dir='ltr'><strong>sedimus</strong></span> <span class='ocrx_word' id='word_1_46' title='bbox 382 1069 575 1173; x_wconf 64' lang='lat' dir='ltr'><strong>opulento}</strong></span> <span class='ocrx_word' id='word_1_47' title='bbox 596 1073 738 1148; x_wconf 82' lang='lat' dir='ltr'><strong>arbustis</strong></span> <span class='ocrx_word' id='word_1_48' title='bbox 758 1076 798 1151; x_wconf 90' lang='lat'>&amp;</span> <span class='ocrx_word' id='word_1_49' title='bbox 811 1073 941 1148; x_wconf 86' lang='lat' dir='ltr'><strong>vitibus</strong></span> <span class='ocrx_word' id='word_1_50' title='bbox 962 1071 1192 1169; x_wconf 79' lang='lat' dir='ltr'><strong>&amp;cupresso-</strong></span> 
     </span>
     <span class='ocr_line' id='line_1_9' title="bbox 219 1183 1191 1283; baseline 0 -25"><span class='ocrx_word' id='word_1_51' title='bbox 219 1211 297 1258; x_wconf 86' lang='lat' dir='ltr'><strong>rum</strong></span> <span class='ocrx_word' id='word_1_52' title='bbox 306 1183 477 1258; x_wconf 88' lang='lat' dir='ltr'><strong>viriditate</strong></span> <span class='ocrx_word' id='word_1_53' title='bbox 489 1183 673 1276; x_wconf 81' lang='lat' dir='ltr'><strong>laetillimo,</strong></span> <span class='ocrx_word' id='word_1_54' title='bbox 684 1183 830 1283; x_wconf 78' lang='lat' dir='ltr'><strong>cujusin</strong></span> <span class='ocrx_word' id='word_1_55' title='bbox 841 1183 1191 1259; x_wconf 84' lang='lat' dir='ltr'><strong>mediodiversoriurn</strong></span> 
     </span>
     <span class='ocr_line' id='line_1_10' title="bbox 221 1294 1193 1396; baseline 0.001 -29"><span class='ocrx_word' id='word_1_56' title='bbox 221 1294 832 1395; x_wconf 79' lang='lat' dir='ltr'><strong>opacumest&amp;arnoenur‘n,gentiles</strong></span> <span class='ocrx_word' id='word_1_57' title='bbox 845 1295 1193 1396; x_wconf 68' lang='lat' dir='ltr'><strong>piduras‘peromnes</strong></span> 
     </span>
     <span class='ocr_line' id='line_1_11' title="bbox 222 1393 1297 1508; baseline -0.001 -29"><span class='ocrx_word' id='word_1_58' title='bbox 222 1404 350 1479; x_wconf 80' lang='lat' dir='ltr'><strong>aedium</strong></span> <span class='ocrx_word' id='word_1_59' title='bbox 372 1393 484 1502; x_wconf 78' lang='lat' dir='ltr'><strong>partes</strong></span> <span class='ocrx_word' id='word_1_60' title='bbox 512 1405 694 1480; x_wconf 83' lang='lat' dir='ltr'><strong>ostendens</strong></span> <span class='ocrx_word' id='word_1_61' title='bbox 707 1461 724 1498; x_wconf 85' lang='lat'>„</span> <span class='ocrx_word' id='word_1_62' title='bbox 743 1408 832 1507; x_wconf 83' lang='lat' dir='ltr'><strong>regis</strong></span> <span class='ocrx_word' id='word_1_63' title='bbox 858 1408 980 1485; x_wconf 76' lang='lat' dir='ltr'><strong>bestias</strong></span> <span class='ocrx_word' id='word_1_64' title='bbox 1006 1406 1194 1484; x_wconf 83' lang='lat' dir='ltr'><strong>venatione</strong></span> <span class='ocrx_word' id='word_1_65' title='bbox 1293 1505 1297 1508; x_wconf 75' lang='lat'>.</span> 
     </span>
     <span class='ocr_line' id='line_1_12' title="bbox 221 1515 1213 1618; baseline 0 -29"><span class='ocrx_word' id='word_1_66' title='bbox 221 1515 407 1612; x_wconf 72' lang='lat' dir='ltr'><strong>multiplici</strong></span> <span class='ocrx_word' id='word_1_67' title='bbox 421 1515 622 1592; x_wconf 77' lang='lat' dir='ltr'><strong>trucidantis</strong></span> <span class='ocrx_word' id='word_1_68' title='bbox 635 1544 645 1592; x_wconf 77' lang='lat' dir='ltr'><strong>r</strong></span> <span class='ocrx_word' id='word_1_69' title='bbox 658 1542 725 1593; x_wconf 89' lang='lat' dir='ltr'><strong>nec</strong></span> <span class='ocrx_word' id='word_1_70' title='bbox 745 1519 837 1592; x_wconf 87' lang='lat' dir='ltr'><strong>enim</strong></span> <span class='ocrx_word' id='word_1_71' title='bbox 849 1521 947 1618; x_wconf 89' lang='lat' dir='ltr'><strong>apud</strong></span> <span class='ocrx_word' id='word_1_72' title='bbox 962 1544 1023 1595; x_wconf 86' lang='lat' dir='ltr'><strong>eos</strong></span> <span class='ocrx_word' id='word_1_73' title='bbox 1042 1515 1213 1618; x_wconf 72' lang='lat' dir='ltr'><strong>pingitur·</strong></span> 
     </span>
    </p>

    <p class='ocr_par' dir='ltr' id='par_1_4' title="bbox 221 1623 1223 1726">
     <span class='ocr_line' id='line_1_13' title="bbox 221 1623 1223 1726; baseline -0.001 -26"><span class='ocrx_word' id='word_1_74' title='bbox 221 1626 283 1700; x_wconf 90' lang='lat' dir='ltr'><strong>vel</strong></span> <span class='ocrx_word' id='word_1_75' title='bbox 305 1623 444 1726; x_wconf 83' lang='lat' dir='ltr'><strong>lingitur</strong></span> <span class='ocrx_word' id='word_1_76' title='bbox 469 1627 586 1718; x_wconf 87' lang='lat' dir='ltr'><strong>aliud,</strong></span> <span class='ocrx_word' id='word_1_77' title='bbox 612 1645 737 1724; x_wconf 81' lang='lat' dir='ltr'><strong>praeter</strong></span> <span class='ocrx_word' id='word_1_78' title='bbox 753 1629 1002 1707; x_wconf 74' lang='lat' dir='ltr'><strong>variaseaedes</strong></span> <span class='ocrx_word' id='word_1_79' title='bbox 1026 1634 1066 1707; x_wconf 78' lang='grc' dir='ltr'><strong>δι</strong></span> <span class='ocrx_word' id='word_1_80' title='bbox 1093 1627 1196 1701; x_wconf 81' lang='lat' dir='ltr'><strong>bella.¹</strong></span> <span class='ocrx_word' id='word_1_81' title='bbox 1220 1691 1223 1699; x_wconf 90' lang='lat'>.</span> 
     </span>
    </p>

    <p class='ocr_par' dir='ltr' id='par_1_5' title="bbox 164 1737 1237 2716">
     <span class='ocr_line' id='line_1_14' title="bbox 223 1737 1198 1841; baseline -0.001 -26"><span class='ocrx_word' id='word_1_82' title='bbox 223 1737 373 1815; x_wconf 87' lang='lat' dir='ltr'><strong>Proinde</strong></span> <span class='ocrx_word' id='word_1_83' title='bbox 397 1741 525 1814; x_wconf 69' lang='lat' dir='ltr'><strong>condis</strong></span> <span class='ocrx_word' id='word_1_84' title='bbox 545 1739 773 1834; x_wconf 81' lang='lat' dir='ltr'><strong>exsententia</strong></span> <span class='ocrx_word' id='word_1_85' title='bbox 795 1741 1003 1830; x_wconf 86' lang='lat' dir='ltr'><strong>terminatis,</strong></span> <span class='ocrx_word' id='word_1_86' title='bbox 1025 1738 1198 1841; x_wconf 81' lang='lat' dir='ltr'><strong>Augustus</strong></span> 
     </span>
     <span class='ocr_line' id='line_1_15' title="bbox 164 1845 1222 1950; baseline -0.009 -23"><span class='ocrx_word' id='word_1_87' title='bbox 164 1865 166 1876; x_wconf 65' lang='lat'><strong><em>⁴</em></strong></span> <span class='ocrx_word' id='word_1_88' title='bbox 223 1847 324 1934; x_wconf 81' lang='lat' dir='ltr'><strong>altius</strong></span> <span class='ocrx_word' id='word_1_89' title='bbox 336 1845 405 1950; x_wconf 85' lang='lat' dir='ltr'><strong>jam</strong></span> <span class='ocrx_word' id='word_1_90' title='bbox 418 1865 540 1945; x_wconf 85' lang='lat' dir='ltr'><strong>contra</strong></span> <span class='ocrx_word' id='word_1_91' title='bbox 555 1847 769 1922; x_wconf 84' lang='lat' dir='ltr'><strong>difficultates</strong></span> <span class='ocrx_word' id='word_1_92' title='bbox 786 1872 908 1923; x_wconf 89' lang='lat' dir='ltr'><strong>omnes</strong></span> <span class='ocrx_word' id='word_1_93' title='bbox 926 1848 1104 1938; x_wconf 80' lang='lat' dir='ltr'><strong>incedens,</strong></span> <span class='ocrx_word' id='word_1_94' title='bbox 1118 1871 1199 1920; x_wconf 86' lang='lat' dir='ltr'><strong>ran-</strong></span> <span class='ocrx_word' id='word_1_95' title='bbox 1215 1870 1222 1933; x_wconf 66' lang='lat' dir='ltr'><em>J</em></span> 
     </span>
     <span class='ocr_line' id='line_1_16' title="bbox 219 1954 1198 2060; baseline -0.003 -30"><span class='ocrx_word' id='word_1_96' title='bbox 219 1969 366 2055; x_wconf 83' lang='lat' dir='ltr'><strong>rumque</strong></span> <span class='ocrx_word' id='word_1_97' title='bbox 380 1981 400 2030; x_wconf 88' lang='lat' dir='ltr'><strong>a</strong></span> <span class='ocrx_word' id='word_1_98' title='bbox 413 1954 553 2030; x_wconf 86' lang='lat' dir='ltr'><strong>fortuna</strong></span> <span class='ocrx_word' id='word_1_99' title='bbox 572 1955 707 2054; x_wconf 83' lang='lat' dir='ltr'><strong>sperans</strong></span> <span class='ocrx_word' id='word_1_100' title='bbox 727 1959 884 2060; x_wconf 87' lang='lat' dir='ltr'><strong>nondum</strong></span> <span class='ocrx_word' id='word_1_101' title='bbox 905 1958 1045 2048; x_wconf 69' lang='lat' dir='ltr'><strong>afflicta,</strong></span> <span class='ocrx_word' id='word_1_102' title='bbox 1060 1974 1100 2029; x_wconf 91' lang='lat' dir='ltr'><strong>ut</strong></span> <span class='ocrx_word' id='word_1_103' title='bbox 1111 1979 1198 2052; x_wconf 91' lang='lat' dir='ltr'><strong>pro-</strong></span> 
     </span>
     <span class='ocr_line' id='line_1_17' title="bbox 223 2066 1199 2167; baseline -0.001 -27"><span class='ocrx_word' id='word_1_104' title='bbox 223 2067 303 2165; x_wconf 88' lang='lat' dir='ltr'><strong>pius</strong></span> <span class='ocrx_word' id='word_1_105' title='bbox 321 2066 545 2142; x_wconf 85' lang='lat' dir='ltr'><strong>temeritatem</strong></span> <span class='ocrx_word' id='word_1_106' title='bbox 566 2069 671 2150; x_wconf 87' lang='lat' dir='ltr'><strong>multa</strong></span> <span class='ocrx_word' id='word_1_107' title='bbox 691 2070 814 2142; x_wconf 88' lang='lat' dir='ltr'><strong>crebro</strong></span> <span class='ocrx_word' id='word_1_108' title='bbox 827 2069 990 2143; x_wconf 82' lang='lat' dir='ltr'><strong>auderet:</strong></span> <span class='ocrx_word' id='word_1_109' title='bbox 1011 2067 1199 2167; x_wconf 78' lang='lat' dir='ltr'><strong>validiores</strong></span> 
     </span>
     <span class='ocr_line' id='line_1_18' title="bbox 225 2173 1199 2281; baseline -0.002 -32"><span class='ocrx_word' id='word_1_110' title='bbox 225 2201 361 2281; x_wconf 74' lang='lat' dir='ltr'><strong>naves,</strong></span> <span class='ocrx_word' id='word_1_111' title='bbox 385 2199 429 2246; x_wconf 86' lang='lat' dir='ltr'><strong>ex</strong></span> <span class='ocrx_word' id='word_1_112' title='bbox 449 2175 525 2265; x_wconf 87' lang='lat' dir='ltr'><strong>his,</strong></span> <span class='ocrx_word' id='word_1_113' title='bbox 545 2202 622 2272; x_wconf 83' lang='lat' dir='ltr'><strong>quae</strong></span> <span class='ocrx_word' id='word_1_114' title='bbox 643 2176 803 2249; x_wconf 88' lang='lat' dir='ltr'><strong>alimenta</strong></span> <span class='ocrx_word' id='word_1_115' title='bbox 817 2178 1001 2273; x_wconf 87' lang='lat' dir='ltr'><strong>portabant</strong></span> <span class='ocrx_word' id='word_1_116' title='bbox 1014 2173 1052 2254; x_wconf 68' lang='lat' dir='ltr'><strong>tt</strong></span> <span class='ocrx_word' id='word_1_117' title='bbox 1067 2176 1199 2252; x_wconf 55' lang='lat' dir='ltr'><strong>machi*-</strong></span> 
     </span>
     <span class='ocr_line' id='line_1_19' title="bbox 196 2279 1198 2384; baseline 0 -26"><span class='ocrx_word' id='word_1_118' title='bbox 196 2371 199 2378; x_wconf 13' lang='grc' dir='ltr'><strong><em>Δ</em></strong></span> <span class='ocrx_word' id='word_1_119' title='bbox 224 2309 287 2358; x_wconf 90' lang='lat' dir='ltr'><strong>nas</strong></span> <span class='ocrx_word' id='word_1_120' title='bbox 301 2337 312 2376; x_wconf 87' lang='lat'>,</span> <span class='ocrx_word' id='word_1_121' title='bbox 327 2285 527 2360; x_wconf 84' lang='lat' dir='ltr'><strong>deoneratas</strong></span> <span class='ocrx_word' id='word_1_122' title='bbox 542 2279 720 2384; x_wconf 73' lang='lat' dir='ltr'><strong>oll&#39;ogenis</strong></span> <span class='ocrx_word' id='word_1_123' title='bbox 732 2284 1044 2382; x_wconf 82' lang='lat' dir='ltr'><strong>implevitarmatis</strong></span> <span class='ocrx_word' id='word_1_124' title='bbox 1057 2316 1067 2360; x_wconf 77' lang='lat' dir='ltr'><strong>r</strong></span> <span class='ocrx_word' id='word_1_125' title='bbox 1081 2304 1198 2360; x_wconf 90' lang='lat' dir='ltr'><strong>reten-</strong></span> 
     </span>
     <span class='ocr_line' id='line_1_20' title="bbox 225 2384 1201 2495; baseline 0 -27"><span class='ocrx_word' id='word_1_126' title='bbox 225 2413 335 2492; x_wconf 89' lang='lat' dir='ltr'><strong>toque</strong></span> <span class='ocrx_word' id='word_1_127' title='bbox 356 2392 470 2468; x_wconf 89' lang='lat' dir='ltr'><strong>secum</strong></span> <span class='ocrx_word' id='word_1_128' title='bbox 496 2394 603 2468; x_wconf 81' lang='lat' dir='ltr'><strong>clallrs</strong></span> <span class='ocrx_word' id='word_1_129' title='bbox 625 2396 755 2470; x_wconf 87' lang='lat' dir='ltr'><strong>robore</strong></span> <span class='ocrx_word' id='word_1_130' title='bbox 769 2384 1065 2495; x_wconf 78' lang='lat' dir='ltr'><strong>firmiore,quam</strong></span> <span class='ocrx_word' id='word_1_131' title='bbox 1080 2398 1201 2469; x_wconf 88' lang='lat' dir='ltr'><strong>intres</strong></span> 
     </span>
     <span class='ocr_line' id='line_1_21' title="bbox 226 2503 1202 2604; baseline -0.001 -26"><span class='ocrx_word' id='word_1_132' title='bbox 226 2503 386 2578; x_wconf 84' lang='lat' dir='ltr'><strong>diviserat</strong></span> <span class='ocrx_word' id='word_1_133' title='bbox 403 2521 535 2601; x_wconf 86' lang='lat' dir='ltr'><strong>partes,</strong></span> <span class='ocrx_word' id='word_1_134' title='bbox 557 2531 661 2579; x_wconf 89' lang='lat' dir='ltr'><strong>unam</strong></span> <span class='ocrx_word' id='word_1_135' title='bbox 682 2533 761 2583; x_wconf 89' lang='lat' dir='ltr'><strong>cum</strong></span> <span class='ocrx_word' id='word_1_136' title='bbox 781 2507 920 2583; x_wconf 69' lang='lat' dir='ltr'><strong>Videre</strong></span> <span class='ocrx_word' id='word_1_137' title='bbox 937 2505 1064 2581; x_wconf 73' lang='lat' dir='ltr'><strong>comite</strong></span> <span class='ocrx_word' id='word_1_138' title='bbox 1084 2506 1202 2604; x_wconf 89' lang='lat' dir='ltr'><strong>quiete</strong></span> 
     </span>
     <span class='ocr_line' id='line_1_22' title="bbox 227 2615 1237 2716; baseline 0 -28"><span class='ocrx_word' id='word_1_139' title='bbox 227 2615 339 2714; x_wconf 85' lang='lat' dir='ltr'><strong>prima</strong></span> <span class='ocrx_word' id='word_1_140' title='bbox 364 2617 476 2693; x_wconf 67' lang='lat' dir='ltr'><strong>nodis</strong></span> <span class='ocrx_word' id='word_1_141' title='bbox 502 2617 613 2692; x_wconf 86' lang='lat' dir='ltr'><strong>emitti</strong></span> <span class='ocrx_word' id='word_1_142' title='bbox 637 2617 801 2716; x_wconf 85' lang='lat' dir='ltr'><strong>dispolirit</strong></span> <span class='ocrx_word' id='word_1_143' title='bbox 816 2671 827 2705; x_wconf 86' lang='lat'><strong>,</strong></span> <span class='ocrx_word' id='word_1_144' title='bbox 845 2637 884 2693; x_wconf 90' lang='lat' dir='ltr'><strong>ut</strong></span> <span class='ocrx_word' id='word_1_145' title='bbox 912 2618 1054 2692; x_wconf 84' lang='lat' dir='ltr'><strong>flumine</strong></span> <span class='ocrx_word' id='word_1_146' title='bbox 1074 2616 1200 2714; x_wconf 89' lang='lat' dir='ltr'><strong>raptim</strong></span> <span class='ocrx_word' id='word_1_147' title='bbox 1235 2674 1237 2678; x_wconf 88' lang='lat'>.</span> 
     </span>
    </p>

    <p class='ocr_par' dir='ltr' id='par_1_6' title="bbox 226 2724 1245 2837">
     <span class='ocr_line' id='line_1_23' title="bbox 226 2724 1245 2837; baseline -0.002 -37"><span class='ocrx_word' id='word_1_148' title='bbox 226 2724 419 2800; x_wconf 80' lang='lat' dir='ltr'><strong>transmillo</strong></span> <span class='ocrx_word' id='word_1_149' title='bbox 440 2726 524 2822; x_wconf 80' lang='lat' dir='ltr'><strong>ripae</strong></span> <span class='ocrx_word' id='word_1_150' title='bbox 546 2747 798 2825; x_wconf 81' lang='lat' dir='ltr'><strong>occuparentur</strong></span> <span class='ocrx_word' id='word_1_151' title='bbox 818 2728 971 2837; x_wconf 75' lang='lat' dir='ltr'><strong>holliles.</strong></span> <span class='ocrx_word' id='word_1_152' title='bbox 984 2726 1093 2821; x_wconf 79' lang='lat' dir='ltr'><strong>Quod</strong></span> <span class='ocrx_word' id='word_1_153' title='bbox 1116 2751 1201 2800; x_wconf 84' lang='lat' dir='ltr'><strong>cunt</strong></span> <span class='ocrx_word' id='word_1_154' title='bbox 1236 2803 1245 2833; x_wconf 80' lang='lat'><strong>‚·</strong></span> 
     </span>
    </p>

    <p class='ocr_par' dir='ltr' id='par_1_7' title="bbox 227 2833 1322 2933">
     <span class='ocr_line' id='line_1_24' title="bbox 227 2833 1322 2933; baseline 0.004 -26"><span class='ocrx_word' id='word_1_155' title='bbox 227 2833 300 2907; x_wconf 85' lang='lat' dir='ltr'><strong>acri</strong></span> <span class='ocrx_word' id='word_1_156' title='bbox 315 2851 409 2906; x_wconf 83' lang='lat' dir='ltr'><strong>metu</strong></span> <span class='ocrx_word' id='word_1_157' title='bbox 425 2833 535 2906; x_wconf 85' lang='lat' dir='ltr'><strong>territi</strong></span> <span class='ocrx_word' id='word_1_158' title='bbox 555 2833 848 2911; x_wconf 69' lang='lat' dir='ltr'><strong>duremeoneordi</strong></span> <span class='ocrx_word' id='word_1_159' title='bbox 860 2855 1005 2933; x_wconf 85' lang='lat' dir='ltr'><strong>precatu</strong></span> <span class='ocrx_word' id='word_1_160' title='bbox 1028 2834 1103 2910; x_wconf 83' lang='lat' dir='ltr'><strong>fieri</strong></span> <span class='ocrx_word' id='word_1_161' title='bbox 1118 2860 1204 2933; x_wconf 85' lang='lat' dir='ltr'><strong>pro-</strong></span> <span class='ocrx_word' id='word_1_162' title='bbox 1320 2904 1322 2911; x_wconf 83' lang='grc'>.</span> 
     </span>
    </p>
   </div>
   <div class='ocr_carea' id='block_1_4' title="bbox 113 2942 1316 3258">
    <p class='ocr_par' dir='ltr' id='par_1_8' title="bbox 113 2942 1316 3258">
     <span class='ocr_line' id='line_1_25' title="bbox 113 2942 1204 3042; baseline 0.003 -26"><span class='ocrx_word' id='word_1_163' title='bbox 113 2997 116 3006; x_wconf 37' lang='lat' dir='ltr'>s</span> <span class='ocrx_word' id='word_1_164' title='bbox 226 2942 347 3016; x_wconf 87' lang='lat' dir='ltr'><strong>hibere</strong></span> <span class='ocrx_word' id='word_1_165' title='bbox 377 2959 573 3034; x_wconf 86' lang='lat' dir='ltr'><strong>tentarent,</strong></span> <span class='ocrx_word' id='word_1_166' title='bbox 596 2966 709 3042; x_wconf 87' lang='lat' dir='ltr'><strong>neque</strong></span> <span class='ocrx_word' id='word_1_167' title='bbox 737 2943 996 3023; x_wconf 76' lang='lat' dir='ltr'><strong>destinationem</strong></span> <span class='ocrx_word' id='word_1_168' title='bbox 1025 2943 1204 3019; x_wconf 71' lang='lat' dir='ltr'><strong>dederent</strong></span> 
     </span>
     <span class='ocr_line' id='line_1_26' title="bbox 198 3047 1316 3147; baseline -0.002 -21"><span class='ocrx_word' id='word_1_169' title='bbox 198 3107 201 3112; x_wconf 77' lang='lat'><em>,</em></span> <span class='ocrx_word' id='word_1_170' title='bbox 226 3049 419 3147; x_wconf 82' lang='lat' dir='ltr'><strong>Principis,</strong></span> <span class='ocrx_word' id='word_1_171' title='bbox 434 3048 566 3122; x_wconf 89' lang='lat' dir='ltr'><strong>sublato</strong></span> <span class='ocrx_word' id='word_1_172' title='bbox 583 3048 738 3141; x_wconf 84' lang='lat' dir='ltr'><strong>vexillo,</strong></span> <span class='ocrx_word' id='word_1_173' title='bbox 760 3068 798 3124; x_wconf 89' lang='lat' dir='ltr'><strong>ut</strong></span> <span class='ocrx_word' id='word_1_174' title='bbox 818 3047 941 3147; x_wconf 82' lang='lat' dir='ltr'><strong>jullum</strong></span> <span class='ocrx_word' id='word_1_175' title='bbox 967 3049 1013 3124; x_wconf 82' lang='lat' dir='ltr'><strong>etl</strong></span> <span class='ocrx_word' id='word_1_176' title='bbox 1023 3103 1037 3144; x_wconf 86' lang='lat'>,</span> <span class='ocrx_word' id='word_1_177' title='bbox 1054 3050 1203 3124; x_wconf 86' lang='lat' dir='ltr'><strong>evolant</strong></span> <span class='ocrx_word' id='word_1_178' title='bbox 1310 3085 1316 3096; x_wconf 94' lang='lat'><em>·</em></span> 
     </span>
     <span class='ocr_line' id='line_1_27' title="bbox 118 3156 1205 3258; baseline -0.003 -22"><span class='ocrx_word' id='word_1_179' title='bbox 118 3185 122 3194; x_wconf 89' lang='grc'>’</span> <span class='ocrx_word' id='word_1_180' title='bbox 227 3185 249 3236; x_wconf 89' lang='lat' dir='ltr'><strong>e</strong></span> <span class='ocrx_word' id='word_1_181' title='bbox 268 3159 450 3256; x_wconf 70' lang='lat' dir='ltr'><strong>conspedlu</strong></span> <span class='ocrx_word' id='word_1_182' title='bbox 474 3156 628 3258; x_wconf 85' lang='lat' dir='ltr'><strong>quinque</strong></span> <span class='ocrx_word' id='word_1_183' title='bbox 648 3157 774 3232; x_wconf 69' lang='lat' dir='ltr'><strong>subito‘</strong></span> <span class='ocrx_word' id='word_1_184' title='bbox 787 3185 891 3236; x_wconf 82' lang='lat' dir='ltr'><strong>naves</strong></span> <span class='ocrx_word' id='word_1_185' title='bbox 908 3186 919 3234; x_wconf 79' lang='grc' dir='ltr'>ι</span> <span class='ocrx_word' id='word_1_186' title='bbox 938 3162 977 3235; x_wconf 89' lang='lat'>&amp;</span> <span class='ocrx_word' id='word_1_187' title='bbox 1005 3173 1084 3233; x_wconf 87' lang='lat' dir='ltr'><strong>&#39;cum</strong></span> <span class='ocrx_word' id='word_1_188' title='bbox 1111 3158 1205 3254; x_wconf 79' lang='lat' dir='ltr'><strong>&#39;ripas</strong></span> 
     </span>
    </p>
   </div>
   <div class='ocr_carea' id='block_1_5' title="bbox 226 3267 1206 3480">
    <p class='ocr_par' dir='ltr' id='par_1_9' title="bbox 226 3267 1206 3480">
     <span class='ocr_line' id='line_1_28' title="bbox 226 3267 1206 3367; baseline 0 -25"><span class='ocrx_word' id='word_1_189' title='bbox 226 3267 298 3367; x_wconf 79' lang='lat' dir='ltr'><strong>jarn</strong></span> <span class='ocrx_word' id='word_1_190' title='bbox 312 3269 560 3361; x_wconf 86' lang='lat' dir='ltr'><strong>adventarent,</strong></span> <span class='ocrx_word' id='word_1_191' title='bbox 574 3267 706 3342; x_wconf 86' lang='lat' dir='ltr'><strong>facibus</strong></span> <span class='ocrx_word' id='word_1_192' title='bbox 721 3270 761 3342; x_wconf 74' lang='grc' dir='ltr'><strong>δι</strong></span> <span class='ocrx_word' id='word_1_193' title='bbox 773 3269 870 3342; x_wconf 89' lang='lat' dir='ltr'><strong>omni</strong></span> <span class='ocrx_word' id='word_1_194' title='bbox 883 3267 1045 3356; x_wconf 83' lang='lat' dir='ltr'><strong>materia,</strong></span> <span class='ocrx_word' id='word_1_195' title='bbox 1057 3293 1126 3366; x_wconf 88' lang='lat' dir='ltr'><strong>qua</strong></span> <span class='ocrx_word' id='word_1_196' title='bbox 1141 3268 1206 3342; x_wconf 87' lang='lat' dir='ltr'><strong>ali·</strong></span> 
     </span>
     <span class='ocr_line' id='line_1_29' title="bbox 229 3374 1204 3480; baseline -0.004 -22"><span class='ocrx_word' id='word_1_197' title='bbox 229 3401 289 3458; x_wconf 89' lang='lat' dir='ltr'><strong>tur</strong></span> <span class='ocrx_word' id='word_1_198' title='bbox 299 3380 401 3480; x_wconf 82' lang='lat' dir='ltr'><strong>ignis,</strong></span> <span class='ocrx_word' id='word_1_199' title='bbox 417 3374 846 3477; x_wconf 71' lang='lat' dir='ltr'><strong>petitaeaffiduisjadibus,</strong></span> <span class='ocrx_word' id='word_1_200' title='bbox 862 3405 942 3454; x_wconf 84' lang='lat' dir='ltr'><strong>curn</strong></span> <span class='ocrx_word' id='word_1_201' title='bbox 956 3378 1121 3454; x_wconf 87' lang='lat' dir='ltr'><strong>militibus</strong></span> <span class='ocrx_word' id='word_1_202' title='bbox 1132 3377 1204 3476; x_wconf 86' lang='lat' dir='ltr'><strong>jam</strong></span> 
     </span>
    </p>
   </div>
   <div class='ocr_carea' id='block_1_6' title="bbox 230 3489 1335 3592">
    <p class='ocr_par' dir='ltr' id='par_1_10' title="bbox 230 3489 1335 3592">
     <span class='ocr_line' id='line_1_30' title="bbox 230 3489 1335 3592; baseline -0.005 -22"><span class='ocrx_word' id='word_1_203' title='bbox 230 3491 578 3592; x_wconf 41' lang='lat' dir='ltr'><strong>conflagrallent,1ni</strong></span> <span class='ocrx_word' id='word_1_204' title='bbox 601 3489 871 3588; x_wconf 68' lang='lat' dir='ltr'><strong>veloci¹vigore</strong></span> <span class='ocrx_word' id='word_1_205' title='bbox 897 3491 1047 3587; x_wconf 71' lang='lat' dir='ltr'><strong>pedoris</strong></span> <span class='ocrx_word' id='word_1_206' title='bbox 1072 3490 1204 3566; x_wconf 86' lang='lat' dir='ltr'><strong>excitus</strong></span> <span class='ocrx_word' id='word_1_207' title='bbox 1331 3535 1335 3541; x_wconf 67' lang='grc'><em>»</em></span> 
     </span>
    </p>
   </div>
   <div class='ocr_carea' id='block_1_7' title="bbox 230 3599 1204 3720">
    <p class='ocr_par' dir='ltr' id='par_1_11' title="bbox 230 3599 1204 3720">
     <span class='ocr_line' id='line_1_31' title="bbox 230 3599 1204 3720; baseline -0.01 -41"><span class='ocrx_word' id='word_1_208' title='bbox 230 3607 443 3720; x_wconf 71' lang='lat' dir='ltr'><strong>Imperator,</strong></span> <span class='ocrx_word' id='word_1_209' title='bbox 465 3602 594 3699; x_wconf 72' lang='lat' dir='ltr'><strong>signum</strong></span> <span class='ocrx_word' id='word_1_210' title='bbox 606 3599 667 3672; x_wconf 78' lang='lat' dir='ltr'><strong>nbi</strong></span> <span class='ocrx_word' id='word_1_211' title='bbox 678 3601 794 3673; x_wconf 88' lang='lat' dir='ltr'><strong>datum</strong></span> <span class='ocrx_word' id='word_1_212' title='bbox 808 3653 819 3691; x_wconf 88' lang='lat'><strong>,</strong></span> <span class='ocrx_word' id='word_1_213' title='bbox 833 3599 991 3690; x_wconf 86' lang='lat' dir='ltr'><strong>nostros,</strong></span> <span class='ocrx_word' id='word_1_214' title='bbox 1006 3600 1102 3698; x_wconf 89' lang='lat' dir='ltr'><strong>quod</strong></span> <span class='ocrx_word' id='word_1_215' title='bbox 1112 3625 1204 3672; x_wconf 86' lang='lat' dir='ltr'><strong>mar-</strong></span> 
     </span>
    </p>
   </div>
   <div class='ocr_carea' id='block_1_8' title="bbox 33 3709 1204 3826">
    <p class='ocr_par' dir='ltr' id='par_1_12' title="bbox 33 3709 1204 3826">
     <span class='ocr_line' id='line_1_32' title="bbox 33 3709 1204 3826; baseline -0.004 -40"><span class='ocrx_word' id='word_1_216' title='bbox 33 3811 34 3818; x_wconf 12' lang='lat'>¹</span> <span class='ocrx_word' id='word_1_217' title='bbox 113 3771 117 3783; x_wconf 79' lang='grc'>.</span> <span class='ocrx_word' id='word_1_218' title='bbox 231 3714 327 3826; x_wconf 76' lang='lat' dir='ltr'><strong>gines</strong></span> <span class='ocrx_word' id='word_1_219' title='bbox 338 3713 408 3814; x_wconf 84' lang='lat' dir='ltr'><strong>jam</strong></span> <span class='ocrx_word' id='word_1_220' title='bbox 423 3730 578 3789; x_wconf 85' lang='lat' dir='ltr'><strong>tenerent</strong></span> <span class='ocrx_word' id='word_1_221' title='bbox 589 3763 604 3803; x_wconf 87' lang='lat'><em>,</em></span> <span class='ocrx_word' id='word_1_222' title='bbox 616 3727 654 3786; x_wconf 90' lang='lat' dir='ltr'><strong>ut</strong></span> <span class='ocrx_word' id='word_1_223' title='bbox 666 3712 863 3796; x_wconf 80' lang='lat' dir='ltr'><strong>mandatum</strong></span> <span class='ocrx_word' id='word_1_224' title='bbox 879 3709 950 3806; x_wconf 83' lang='lat' dir='ltr'><strong>est,</strong></span> <span class='ocrx_word' id='word_1_225' title='bbox 965 3709 1103 3786; x_wconf 76' lang='lat' dir='ltr'><strong>erexille</strong></span> <span class='ocrx_word' id='word_1_226' title='bbox 1116 3732 1204 3810; x_wconf 57' lang='lat' dir='ltr'><strong>pro·,</strong></span> 
     </span>
    </p>
   </div>
   <div class='ocr_carea' id='block_1_9' title="bbox 0 0 1415 4284">
    <p class='ocr_par' dir='ltr' id='par_1_13' title="bbox 0 0 1415 4284">
     <span class='ocr_line' id='line_1_33' title="bbox 0 0 1415 4284; baseline 0 0"><span class='ocrx_word' id='word_1_227' title='bbox 0 0 1415 4284; x_wconf 95' lang='lat' dir='ltr'><strong> </strong></span> 
     </span>
    </p>
   </div>
  </div>
 </body>
</html>
