2775 4284
300 278 467 361 aenou
493 286 748 361 cmrnnuu
772 286 852 362 tn.
878 279 1024 365 xxut.
1078 313 1146 387 107

179 450 420 555 npmsmodum
442 439 484 523 ad
508 450 703 547 rapiendam
725 449 940 549 episcopatus
962 451 1072 525 sedem
1093 478 1149 525 ar·
1239 453 1246 466 ‘

179 558 446 651 dentes,sciss1s
474 560 608 649 studiis,
631 560 812 659 asperrime
839 561 1151 655 condidabantur,
1241 598 1244 603 ·

178 656 327 770 adusque
349 672 470 746 mortis
492 672 742 771 vulnerumque
762 671 956 747 discrimina
974 670 1151 767 adjumen-

177 778 221 850 tis
238 780 417 880 utriusque
442 781 644 879 progressis:
665 808 742 881 quo
771 810 835 858 nec
859 782 1037 883 corrigere
1058 783 1152 856 suffi-

180 885 274 960 ciens
295 888 494 980 luventius‚
509 914 572 965 nec
586 891 749 982 mollire,
766 893 903 966 coadus
916 892 955 966 vi
968 917 1086 990 magna
1100 890 1153 963 se-

177 996 272 1071 ceffit
287 996 323 1070 in
336 997 574 1074 suburbanum.
589 1002 633 1072 Et
646 1000 682 1075 in
695 1001 953 1077 concertatione
967 1001 1153 1099 superave-

179 1123 234 1178 rat
244 1106 427 1197 Damasus,
441 1128 537 1205 parte
545 1164 559 1199 ,
571 1134 648 1208 quae
661 1112 693 1184 ei
708 1110 869 1201 favebat,
883 1110 1039 1184 inllante.
1051 1112 1152 1184 Con·

180 1214 333 1317 statque,
347 1221 384 1293 iu
400 1222 531 1295 basilica
547 1222 688 1301 Sicinini
701 1276 714 1312 ,
726 1221 786 1295 ubi
803 1220 888 1294 ritus
900 1220 1083 1294 Christiani
1102 1217 1153 1293 est

180 1328 486 1421 conventiculum,
499 1354 572 1404 uno
586 1331 792 1405 diecentum
806 1326 946 1430 triginta
959 1328 1084 1426 septem
1100 1353 1153 1401 re·

177 1450 274 1531 perta
295 1438 460 1516 cadavera
479 1438 737 1536 peremtorum:
756 1437 995 1534 efferatamque
1009 1436 1067 1510 diu
1081 1435 1154 1535 ple··

180 1540 258 1614 bem
290 1570 378 1642 aegre
408 1544 524 1645 postea
548 1546 742 1620 delenitam.
775 1543 897 1643 Neque
916 1568 985 1643 ego
1011 1545 1172 1633 abnuo,¹

179 1650 442 1729 ostentationem
466 1658 820 1757 reruchonfidetans
839 1656 1070 1744 urbanarum,
1089 1656 1155 1728 hu·
1218 1673 1224 1681 ·

181 1755 236 1855 jus
260 1760 309 1833 rei
327 1764 471 1860 cupidos
493 1765 542 1837 ob
564 1764 833 1861 impetrandum,
853 1758 948 1865 quod
971 1779 1157 1862 appetunt,

183 1868 280 1939 omni
303 1872 529 1957 contentione
553 1872 698 1945 laterum
724 1871 850 1970 jurgari
864 1871 987 1946 debere
1003 1899 1013 1945 ε
1028 1898 1104 1945 cum
1118 1870 1156 1943 id

181 1974 323 2074 adepti,
343 1977 448 2053 sututi
466 1979 532 2070 smt
546 1978 592 2051 ita
605 1976 735 2070 securi,
752 1996 790 2051 ut
802 1978 955 2052 ditentur
969 1977 1159 2052 oblationi-

182 2090 248 2164 bus
271 2106 525 2178 matronarum,
543 2090 800 2189 procedantque
823 2088 992 2165 vehiculis
1010 2088 1157 2160 infiden-

182 2216 234 2273 tes
246 2253 260 2288 ,
275 2197 514 2296 circumspede
527 2196 640 2271 vestiti
653 2248 666 2287 ,
679 2197 798 2293 epulas
811 2215 969 2271 curantes
982 2192 1159 2294 profluas,
1267 2192 1271 2198 ’

183 2308 270 2381 adeo
294 2329 473 2387 uteorum
495 2308 665 2388 conuiuia
680 2307 807 2408 regales
831 2307 991 2407 superent
1012 2308 1157 2409 mensas,

185 2419 258 2510 Qui
270 2420 337 2493 elle
357 2438 517 2516 poterant
532 2421 621 2493 beati
633 2444 775 2509 revera,
787 2420 835 2510 st,
849 2421 1085 2519 magnitudine
1098 2446 1156 2493 ur·
1231 2518 1234 2524 A

185 2527 238 2601 bis
253 2530 416 2627 despesla,
430 2554 532 2635 quam
546 2528 641 2601 vitiis
658 2544 857 2626 opponunt,
871 2532 914 2601 ad
928 2530 1157 2605 imitationem
1182 2595 1186 2626 ί
1254 2596 1260 2603 .

185 2636 370 2709 antistitum
411 2636 629 2733 quorundam
658 2634 929 2733 provincialium
964 2637 1156 2727 viverent,

142 2768 145 2775 “
185 2768 274 2843 quos
291 2747 436 2823 tenuitas
457 2746 580 2821 edendi
596 2745 807 2843 potandique
820 2744 1026 2842 parciffime,
1040 2744 1157 2819 vilitas

186 2857 287 2929 etiam
311 2856 617 2948 indumentorum,
647 2859 685 2933 dt
709 2853 889 2953 supercilia
911 2855 1052 2927 humum
1080 2854 1156 2953 spe·

188 2970 509 3069 &antimpetpetuo'
531 2968 664 3042 numini
687 2966 845 3064 verisque
856 2964 939 3062 ‘ejus
961 2966 1156 3043 cultoribus
1279 3006 1283 3013 ·

186 3093 226 3148 ut
239 3102 346 3173 puros
360 3077 603 3152 commendant
619 3078 660 3151 dc
675 3075 902 3149 verecundos.
915 3075 1085 3147 Hadenus
1099 3076 1156 3149 de·

188 3187 291 3260 viasle
305 3187 468 3280 sufficiet,
484 3212 576 3260 nunc
594 3188 635 3261 ad
647 3211 761 3260 rerum
778 3185 917 3259 ordines
931 3186 1157 3260 revertamur.
1189 3225 1191 3234 ,

237 3300 295 3369 tv.
307 3299 404 3371 Dum
424 3316 570 3398 aguntur
591 3296 758 3371 antedicta
778 3319 839 3392 per
864 3293 992 3369 Gallias
1020 3297 1059 3368 dc
1087 3296 1157 3365 lta-

189 3406 289 3496 liam,
302 3407 389 3482 novi
407 3432 468 3505 pet
487 3406 649 3481 Thracias
661 3404 766 3478 exciti
778 3404 855 3477 sunt
868 3404 1074 3500 procinctus.
1088 3407 1158 3476 Va·

104 3608 107 3615 Ι
161 3506 164 3515 ’
189 3516 440 3605 Ιεηεεηίιημιτ
453 3516 612 3590 consulto
623 3515 795 3612 placuerat
813 3512 927 3601 fratri,
942 3511 1039 3608 cujus
1058 3534 1159 3612 rege-x¹
1214 3564 1219 3573 ·

189 3629 290 3704 batur
309 3628 479 3718 arbitrio,
494 3650 586 3701 arma
608 3621 776 3701 concussit
791 3626 827 3699 iu
845 3627 1007 3715 Gothos,
1021 3624 1160 3697 ratione'
1282 3638 1288 3652 ·

184 3738 269 3839 julla
289 3752 490 3843 permoutsr
514 3736 609 3837 quod
630 3736 758 3812 auxilia
771 3734 890 3810 misere
906 3734 1084 3833 Procopio
1102 3732 1156 3815 εἰ·Ι
