2775 4284
420 125 442 173 tt

216 278 291 355 na
334 256 624 335 ..nuumnt
659 214 1042 383 uinceretur
1143 372 1146 380 .

103 524 106 530 Ι
212 411 373 533 «perisset,
386 426 643 501 occultantibus¹
650 426 797 500 tenebris
811 426 971 511 barbaros
987 425 1118 523 lapsos,
1132 416 1187 499 sei

217 550 324 626 curus
339 533 532 607 insidiarum
556 562 616 633 per
633 552 964 633 apertacamp‘orum
987 534 1189 633 sequebatur

83 646 86 653 ’
213 642 259 715 ·&
271 642 408 733 mollia,
422 646 585 723 calcando
600 647 782 721 semineces
794 650 834 720 δι
846 644 1068 736 confirmes,
1081 636 1190 744 quos,

211 751 424 825 -vulneribue
437 752 604 851 srigomm
618 748 795 853 asperitate
810 756 1013 845 contradis,
1026 754 1190 851 dolorum

213 858 424 934 absumserat
450 856 664 961 magnitudo.
696 865 784 936 Exin
809 864 999 963 progressus
1023 863 1189 952 ulterius,

213 988 423 1067 revertens,
447 971 506 1042 ubi
532 973 665 1047 nullum
692 992 885 1069 repererat,
914 972 1054 1063 didicit,
1077 990 1190 1071 regem

215 1074 398 1149 hostilium
412 1080 583 1207 agminum
597 1108 676 1155 oum
693 1081 810 1178 paucis
821 1102 959 1178 captum
973 1082 1016 1155 ab
1028 1072 1195 1173 Ascariis,

214 1206 321 1285 quos
327 1188 396 1283 ipse
415 1216 476 1287 per
488 1191 552 1263 iter
563 1182 656 1265 aliud
669 1180 712 1265 ad
724 1191 914 1289 diripienda
926 1193 1075 1267 tentoria
1090 1192 1194 1265 misci

151 1293 153 1299 ’
216 1313 278 1366 rat
292 1292 532 1388 Alamannica,
550 1299 706 1373 suffixum
727 1302 893 1399 patibulo.
917 1301 1097 1401 Ideoque
1088 1322 1194 1375 uatus

204 1406 262 1479 :in
280 1406 454 1479 tribunum
474 1409 746 1482 animadvertere
771 1410 905 1497 llatuit,
917 1410 1032 1484 ausum
1051 1410 1149 1485 hoc'
1140 1436 1196 1483 tn·

217 1514 380 1587 eonsulta
413 1515 577 1613 potellate
604 1509 776 1613 superiore
802 1516 939 1590 secisse:
963 1512 1109 1617 eumque
1132 1518 1196 1589 da·

152 1680 172 1711 ¹,
216 1622 390 1712 mutasset,
419 1618 482 1715 ni‘,
502 1624 642 1699 militari
666 1625 795 1723 impetu
820 1624 1037 1697 commissum¹
1060 1625 1195 1700 facinus

227 1748 349 1822 atrox,
365 1734 578 1809 documentis
597 1733 816 1807 evidentibus
830 1732 1037 1809 conffitittet.
1059 1738 1104 1808 Et
1116 1734 1194 1832 post

228 1840 302 1917 hee
322 1844 477 1917 redeunti
496 1845 639 1919 Parisios
665 1843 741 1945 post
766 1842 1002 1919 claritudinem
1026 1846 1114 1919 recle
1135 1869 1197 1941 ge·

219 1954 356 2030 llorum
384 1962 573 2055 Imperator
591 1960 689 2033 laetus·
711 1957 885 2032 occurrit:
907 1982 1054 2056 eumque
1075 1956 1195 2053 postea

226 2069 403 2142 consulem
424 2070 636 2177 designavite
626 2070 724 2140 ·illo
741 2068 915 2142 videlicet
928 2070 973 2140 ad
995 2066 1109 2165 gaudii
1131 2092 1197 2140 cu·

221 2179 374 2251 mulum
387 2180 593 2264 accedente,
622 2174 719 2276 quod
747 2178 861 2250 iisdem
889 2178 1008 2251 diebus
1033 2177 1197 2274 Procopii

172 2350 174 2355 ,
230 2284 414 2382 susceperat
427 2306 527 2381 eaput
540 2315 559 2361 a
574 2286 718 2358 Valente
731 2285 962 2360 transmissum.
971 2288 1099 2359 Praeter
1108 2287 1198 2374 haec,

223 2397 296 2471 alia
312 2398 417 2485 multa
433 2417 568 2471 narratu
583 2397 696 2470 minus
717 2395 817 2495 digna
835 2393 990 2469 conserta
1004 2395 1080 2469 sunt
1097 2420 1198 2492 proe-

224 2505 277 2579 lia
297 2531 358 2605 per
382 2508 508 2585 naeus
526 2506 643 2581 varios
669 2505 875 2594 Galliarum,
890 2518 967 2601 quae
990 2504 1199 2601 superfluum
1317 2604 1322 2611 ἡ

225 2616 280 2689 ‘est
303 2617 491 2713 explicare,
516 2616 678 2714 quoniam
694 2640 804 2712 neque
816 2639 940 2711 operae
966 2614 1113 2710 pretium
1135 2614 1200 2687 ali·

227 2727 328 2823 quod
340 2752 460 2801 eorum
473 2728 620 2801 habuere
633 2739 846 2822 proventus,
855 2746 919 2797 nec
930 2722 1143 2795 historiam
1113 2748 1199 2823 pro·

228 2838 355 2911 ducere
372 2865 433 2935 per
454 2838 627 2911 minutias
632 2836 810 2935 ignobiles
825 2835 932 2910 decet.
1000 2889 1004 2896 .

175 3005 181 3014 ,
214 3030 217 3039 Ι
229 2952 336 3020 l.ll
350 2952 427 3021 Hoc
442 2967 616 3047 tempore,
631 2947 689 3020 vel
702 2946 804 3043 paulo
820 2964 920 3031 ante,
937 2959 1033 3015 nova
1049 2938 1201 3037 portenti

230 3058 360 3155 species
382 3082 444 3155 per
465 3062 688 3133 annonariam
715 3051 1051 3153 apparuitTusciam
1067 3075 1078 3120 t
1097 3048 1201 3143 idque

229 3168 397 3293 quorsum
419 3170 598 3255 evaderet,
618 3165 858 3266 prodigialium
881 3186 996 3235 rerum
1012 3156 1111 3255 periti
1138 3181 1203 3252 pe·

149 3368 159 3379 a
232 3276 328 3349 nitus
347 3278 558 3375 ignorarunt.
576 3282 616 3351 ln
629 3276 761 3375 oppido
775 3274 865 3347 enim
882 3268 1072 3344 Pistoriensr
1091 3290 1203 3390 prope

147 3378 148 3381 ¹
233 3387 353 3458 lroram
369 3388 434 3460 diei
453 3388 605 3476 tertiam,
619 3384 842 3483 spetlantibus
857 3379 993 3468 multis,
1005 3378 1116 3451 asinus
1137 3376 1201 3447 tri·
1247 3375 1251 3383 '

232 3493 351 3568 bunali
371 3496 507 3572 ascenso
536 3494 734 3569 audiebatur
757 3488 955 3565 destinatius
980 3486 1138 3585 rugiens.
1129 3487 1201 3559 .&
1323 3494 1329 3503 ‘

165 3635 173 3649 ‘
233 3604 422 3702 stttpesaslis
437 3601 859 3701 omnibus,qu1aderant,
874 3598 1002 3697 quique
1013 3595 1202 3670 didicerant

232 3714 455 3793 referentibus
487 3714 591 3805 aliis,
609 3709 1007 3814 nulloqueconjeslente
1030 3726 1202 3794 ventura,
