2775 4284
240 260 306 339 168
392 264 644 337 ΑΜΜιΑΝι
679 234 1042 335 uinceretur

234 421 330 503 modi
353 421 446 495 casus
459 420 602 495 emersu.
622 421 761 495 Solutus
778 380 991 495 sacramento
1006 412 1206 505 PalladiusJ

234 530 475 629 destinrtusque
487 530 586 620 fastu,
599 556 672 630 quo
688 530 855 620 tumebat,
870 527 1012 603 disceffit
1024 524 1206 599 ad-otium.

62 640 98 673 '⁴'
235 644 279 713 Et
300 666 378 715 cum
399 641 615 717 Theodotus
628 641 750 717 aanor
763 640 977 715 exercituum
995 638 1055 713 ille
1071 635 1207 735 magni·

234 748 320 823 ficus
330 805 343 839 ,
361 748 577 847 oppteffurus
600 750 749 827 Firmum
764 748 955 847 perniciosa
974 763 1206 844 coeptantem,

236 859 378 931 vcniffet
389 856 425 929 in
441 857 608 949 Africam,
625 861 663 934 δι
678 858 861 955 prescripti
872 856 1024 931 Romani
1040 882 1113 929 rem
1125 880 1207 927 rno-

235 966 364 1056 bilem,
377 988 414 1041 ut
428 966 550 1063 jutum
568 970 636 1061 est,
649 970 875 1044 scrutaretur:
893 968 1121 1042 interchartas
1134 962 1208 1059 eius

235 1081 375 1155 inventa
399 1082 606 1165 est„Meterii
630 1083 804 1179 cujusdam
830 1080 1000 1178 epistola,
1023 1079 1062 1157 io
1087 1076 1208 1152 conti·

236 1216 321 1265 nens
332 1219 342 1266 ε
359 1198 507 1267 Domino
519 1219 660 1287 patrono
677 1197 828 1265 Romano
840 1196 990 1265 Maurius
997 1219 1015 1276 ,·
1034 1190 1074 1263 &
1085 1187 1124 1259 in
1136 1185 1209 1259 fine

156 1307 166 1329 '
236 1302 314 1398 post
335 1303 441 1375 multa
454 1302 539 1375 nihil
555 1304 596 1377 ad
613 1328 684 1377 rem
705 1302 1210 1399 pertinentiazSalutatrrPal·

236 1418 345 1485 ladius
360 1415 557 1507 projefficius
572 1442 586 1484 :
599 1420 653 1508 qui
669 1443 736 1487 non
760 1420 862 1487 aliam
881 1416 921 1483 ob
942 1412 1071 1505 causam
1082 1411 1160 1479 dicit
1166 1409 1210 1500 sc

11 1598 12 1605 ,
143 1566 151 1577 ¹
236 1520 291 1620 effe
316 1522 519 1616 prosarium,
545 1525 611 1622 nist
638 1528 724 1619 quod
746 1527 782 1595 in
816 1524 912 1615 causa
938 1522 1209 1614 Tripolitanorum

236 1640 327 1729 apud
342 1663 432 1708 aures
448 1638 561 1730 sacras
580 1640 727 1707 mentitus
740 1637 789 1738 cst.
802 1632 865 1705 His
884 1629 991 1705 literis
1003 1629 1047 1701 ad
1060 1626 1210 1701 comita·

237 1761 313 1817 tum
324 1744 442 1834 mitiis,
456 1747 496 1821 &
510 1745 621 1833 lenis,
635 1742 869 1817 Valentiniani
880 1740 968 1838 juffu
978 1736 1142 1814 Meterius
1156 1762 1212 1810 ra·

238 1878 316 1951 ptus
335 1854 426 1929 suam
448 1855 512 1929 effe
532 1853 719 1930 confitetur
741 1853 945 1952 epistolam:
961 1851 1109 1948 ideoque
1130 1847 1209 1920 Pal·

236 1965 348 2041 ladius
373 1964 528 2038 exhiberi
548 1983 738 2062 preceptor
752 2020 764 2053 ‚
778 1962 957 2063 cogitans,
980 1987 1065 2061 quas
1086 1958 1208 2035 crimi-

239 2102 321 2149 num
344 2076 479 2149 coxerit
496 2076 626 2165 moles,
641 2075 677 2149 in
693 2075 837 2149 statione
851 2075 968 2173 primis
980 2072 1130 2148 ‘tenebris
1143 2073 1210 2144 ob·-

95 2266 116 2301 x
236 2186 370 2261 servata
387 2183 565 2255 custodum
578 2184 749 2274 absentia,
763 2185 826 2284 qui
847 2184 933 2258 festo
948 2186 1004 2258 die
1023 2182 1208 2259 Christiani

238 2295 324 2367 ritus
344 2292 382 2363 in
401 2292 540 2366 ecclesia
554 2294 819 2388 pernoctabant,
832 2292 1002 2368 innodato
1013 2313 1146 2393 gutture
1159 2293 1211 2366 la·

237 2402 322 2501 quei
343 2402 488 2477 nexibus
506 2402 643 2475 interiit.
664 2406 745 2477 Hoc
761 2403 910 2479 fortune
929 2404 1138 2479 secundioris
1151 2401 1210 2499 ju·

207 2566 212 2584 r
238 2514 333 2590 dicio
352 2514 455 2611 plene
484 2532 691 2611 comperto,
710 2514 893 2613 deletoque
917 2515 1063 2588 tristium
1086 2513 1211 2590 conci·

206 2681 207 2691 ,
239 2641 317 2699 tore
339 2625 538 2711 turbarum,
560 2623 768 2699 exfiluerunt
793 2625 1052 2699 Erechthius&
1076 2622 1210 2697 Aristo·

239 2758 355 2810 menes
368 2758 386 2805 e
398 2732 556 2821 latebris,
570 2731 650 2828 qui,
663 2757 741 2806 cum
757 2733 818 2805 fibi
830 2731 929 2828 jussas
943 2732 1070 2808 abscidi
1078 2733 1210 2831 linguas
1332 2776 1337 2783 ·

169 2848 181 2865 ⁰
239 2843 429 2917 didiciffent
449 2859 487 2915 ut
510 2843 694 2940 prodigas,
716 2846 759 2917 ad
777 2845 883 2944 longe
902 2863 1035 2919 remota
1058 2845 1210 2920 declina·

239 2970 321 3033 runt
333 2955 371 3027 &
386 2953 497 3027 abdita
511 2982 525 3065 τ’
536 2953 707 3052 doctoque
724 2955 824 3053 super
835 2955 980 3030 nefanda
991 2940 1114 3030 fraude
1123 2960 1212 3029 Gra·

236 3063 336 3137 tiano
372 3068 578 3159 Imperatore
610 3065 770 3140 fidentius
798 3066 1086 3166 (Valentinianus
1115 3068 1209 3141 enim

236 3170 402 3272 obierat)
421 3175 464 3248 ad
487 3176 685 3274 Hesperium
706 3176 1212 3274 proconsulem&Flavianum

239 3280 406 3357 vicarium
427 3284 586 3358 audiendi
608 3285 683 3360 sunt
702 3286 810 3361 rniffi:
826 3310 976 3384 quorum
994 3286 1133 3384 equitas
1148 3309 1212 3357 au·
1304 3331 1307 3340 ·

238 3393 395 3467 &oritate
420 3396 490 3471 nisa
505 3394 803 3491 justiffimastorto
817 3398 982 3497 Caecilio,
992 3416 1107 3496 aperta
1121 3421 1213 3472 con·

235 3503 382 3579 serlione
409 3506 608 3603 cognovit,
632 3509 741 3606 ipsum
763 3508 892 3583 tuafiffe
910 3509 1067 3595 civibus,
1087 3519 1210 3605 grava-

238 3632 316 3689 rent
340 3614 537 3691 mentiendo
561 3618 702 3715 legatos.
723 3622 808 3695 Haec
834 3620 904 3693 acta
925 3619 1036 3693 secuta
1057 3620 1105 3693 est
1125 3617 1212 3690 rela-

160 3762 165 3771 ·
220 3718 288 3795 tio
302 3774 313 3813 ‚
329 3720 498 3823 gestorum
512 3724 662 3822 pandens
673 3725 898 3827 pleniffimam
915 3724 1037 3817 fidem3
1049 3727 1094 3802 ad
1106 3748 1210 3825 quam
