2775 4284
237 255 286 310 ιο
403 231 657 308 ΑΜΜΙΑΝῙ
691 232 1072 346 nasceretur

235 347 395 470 visiosa
411 389 588 468 laboribus
614 391 745 491 ubique
767 390 1019 490 praesiitetunt.·
1015 394 1122 466 Inter
1136 388 1213 468 baec

235 501 423 580 certamina
444 495 568 578 nostrae
585 503 690 600 partis
709 503 937 592 architectus,
961 501 1061 598 cujus
1079 527 1211 577 nomen
1258 544 1262 552 ·

235 638 312 688 non
328 612 500 712 suppetit,
517 613 594 710 post
606 613 799 688 machinam
817 613 1011 712 scorpionis
1023 612 1115 686 sorte
1131 611 1210 685 assi·
1218 653 1222 661 ·

235 719 350 811 siens,
367 721 588 794 reverberato
602 721 735 817 lapide,
747 748 854 820 quem
874 721 998 796 artifex
1017 720 1203 794 titubanter

181 909 207 956 ι
235 849 415 958 aptaverat
429 829 567 922 funde,
580 830 692 908 obliso
708 835 845 930 pastore
863 833 1038 930 sapinatus
1051 829 1210 930 profudit

234 943 410 1032 animam,
429 940 567 1039 disjessa
591 966 759 1045 compage
780 945 1037 1036 membrorum,
1064 943 1150 1016 adeo
1170 957 1212 1029 ut

231 1077 280 1130 ne
301 1051 393 1150 figna
408 1053 547 1150 quidem
563 1054 670 1130 totius
679 1054 844 1153 ‚corporis
859 1055 1091 1129 noscerentur.
1113 1051 1211 1127 Exin
1314 1060 1321 1071 '

232 1163 394 1263 profedo
410 1167 611 1260 Imperatori
633 1166 737 1239 index
760 1167 977 1241 nuntiaverat
996 1184 1128 1255 certus,
1142 1163 1210 1238 cir·

233 1297 277 1348 ca
290 1299 409 1346 muros
429 1271 578 1346 subversi
594 1274 714 1370 oppidi
731 1274 865 1351 fallaces
884 1276 1006 1350 foveas
1021 1280 1060 1352 ὃ(
1079 1272 1219 1357 οΜιιιε

121 1475 123 1480 Ι
226 1409 315 1472 atas,
331 1384 451 1482 quales
470 1383 509 1456 in
534 1375 698 1459 tractibus
711 1385 780 1459 islis
803 1387 883 1460 sunt
895 1387 1075 1484 piurima,
1098 1383 1211 1458 subse·

174 1573 178 1580 ,
231 1493 325 1568 disse·
344 1517 483 1584 manum
501 1492 741 1567 infidiatricetn
762 1494 933 1584 latenter,
954 1515 1001 1568 ut·
1015 1490 1209 1591 improviso
1315 1575 1318 1584 ,

231 1601 315 1676 inde
337 1621 462 1675 exorta·
476 1598 619 1697 agminis
645 1600 753 1674 nostri
783 1620 876 1700 terga
900 1601 1017 1676 feriret
1043 1620 1207 1675 extrema.

233 1707 496 1806 Confestimque
514 1707 557 1780 ad
574 1709 819 1788 extrahendam
831 1736 906 1784 eam
917 1708 1001 1784 misfi
1018 1710 1208 1785 sunt-com·
1246 1697 1253 1715 ’

233 1838 341 1916 pertae
362 1816 576 1892 fortitudinis
596 1819 736 1915 pedites.
754 1820 831 1914 Qui
854 1846 933 1896 cum
954 1841 1065 1943 neque
1080 1844 1207 1917 perva-

144 1941 147 1948 '
232 1930 314 2002 dere
336 1927 545 2002 foraminum
561 1928 692 2018 aditus,
713 1955 779 2014 nec
805 1928 1030 2004 amandatos
1019 1946 1208 2024 tntuspro·
1265 1932 1268 1936 ’

160 2062 161 2068 ’
231 2041 337 2120 licere
353 2017 487 2134 possent
503 2035 547 2110 ad
565 1983 841 2128 decendentium,-
860 2037 1037 2112 collutiam
1051 2037 1208 2135 stipulam

171 2235 175 2246 ι
232 2150 273 2220 &
301 2143 465 2216 sarmenta
493 2142 655 2238 specuum
685 2143 843 2218 saucibus
859 2146 1082 2243 aggesserunt.
1106 2147 1209 2221 Unde

130 2273 132 2281 ’
232 2256 347 2328 fumus
365 2250 536 2348 angustius
550 2269 731 2347 penetra-ns
741 2252 913 2353 ,ideoque
930 2252 1087 2350 spissior,
1106 2252 1208 2353 quos-
1305 2315 1309 2321 .

230 2355 312 2438 dam
329 2363 490 2456 vitalibus
516 2363 694 2441 obstructis
712 2365 875 2440 necavitt
892 2365 980 2460 alios
1001 2365 1132 2464 ignium
1153 2363 1208 2438 as-

231 2475 333 2550 flatus
353 2473 515 2548 immissus
542 2473 682 2570 prodire
700 2475 738 2548 in
759 2475 948 2573 perniciem
962 2475 1084 2574 coegit
1106 2477 1209 2551 abru-
1242 2516 1245 2524 ·

229 2606 348 2686 ptam:
362 2589 401 2668 δι
420 2584 467 2658 ita
477 2585 642 2660 omnibus
654 2585 748 2658 ferro
766 2587 977 2662 incendiove
997 2585 1209 2680 consumtis,
1225 2632 1261 2682 Ἀ

231 2699 277 2773 ad
300 2696 393 2796 signa
414 2695 597 2793 repedavit,
607 2695 709 2768 ocius
724 2695 835 2771 miles.
855 2699 936 2770 Hoc
953 2698 1063 2772 modo
1080 2699 1207 2789 civitas
1327 2718 1331 2729 ‘

228 2811 348 2906 ampla
366 2809 405 2882 δι
421 2807 591 2905 populosa
606 2807 736 2887 virtute
755 2809 894 2899 roboris
906 2808 1021 2882 excisa
1032 2794 1207 2901 Romani,
1241 2798 1267 2885 ,⁵

106 2987 108 2992 ,
204 2979 209 2990 ι
227 2921 270 2996 in
289 2919 468 3016 pulverem
487 2919 642 2993 concidit
661 2921 702 2994 &
721 2919 847 2994 ruinas.
864 2919 944 2992 Post
954 2932 1031 3042 quae
1045 2938 1113 2992 tam
1129 2920 1207 3020 glo·

161 3102 163 3111 .
231 3031 323 3108 riosa
346 3026 496 3102 transitis
515 3029 703 3126 pontibus,
725 3028 914 3102 multorum
939 3027 1092 3102 amnium
1117 3053 1207 3102 con-

232 3137 343 3223 cursu
359 3138 593 3226 continuatis,
609 3139 651 3212 ad
664 3158 875 3215 munimenta
898 3115 1033 3237 gemina
1047 3137 1207 3214 venimus

110 3243 111 3257 ¹
231 3250 385 3343 adificiis
414 3252 523 3328 cautis
543 3250 733 3328 exstrussa:
756 3252 822 3324 ubi
837 3252 1013 3326 Vidorern
1041 3251 1207 3326 comitem
1252 3298 1259 3302 a

233 3365 405 3442 exercitus
427 3366 598 3462 praevium
621 3391 640 3436 a
662 3365 805 3438 transitu
819 3348 972 3442 fluminis
991 3363 1079 3460 regis
1092 3361 1206 3452 silius,

234 3475 426 3576 progressus
442 3503 459 3548 a
474 3477 700 3574 Ctesiphonte
724 3502 806 3550 cum
825 3473 1099 3571 optimatibus&
1112 3472 1205 3548 mul-

143 3605 145 3611 ’
233 3587 380 3660 titudine
409 3606 533 3663 armata
546 3640 557 3676 ‚
570 3663 572 3666 ,
586 3585 770 3682 prohibete
790 3602 958 3680 conatus,
989 3582 1136 3663 catervis
1150 3581 1205 3662 ste

233 3697 411 3797 quentium
428 3695 574 3776 militum
598 3691 676 3776 'vifis
691 3693 856 3812 absunt.
