2775 4284
841 22 852 61 l

284 280 355 357 ,ιο
553 224 997 333 excurrat
1113 202 1115 212 ’

145 490 152 503 ,
189 516 193 523 ¹
281 422 330 497 do
345 418 420 495 filio
441 417 624 496 Gundebai
637 420 739 519 regis.
763 420 860 495 Pacla
878 444 962 519 pace
984 442 1061 495 cum
1075 385 1284 495 Anastasio

281 531 488 631 imperatore
508 560 568 633 per
592 533 725 607 sellum
749 532 792 607 de
812 530 1066 633 praesumtione
1074 532 1189 631 regni,
1218 536 1262 611 &
1355 587 1356 590 =

124 629 152 721 .’
281 644 401 718 omnia
419 661 620 718 ornamenta
633 642 775 733 Palatii,
796 668 872 743 quae
884 642 1069 717 Odoachar
1079 640 1268 715 eontan:

281 753 469 850 tinopolim
496 752 741 843 transmiserat,
764 753 916 828 remittit.
942 754 1073 826 Eodem
1095 769 1258 848 tempore

281 852 432 936 intentio
453 879 529 935 orta
547 860 595 936 esl
614 865 651 935 in
668 862 753 937 urbe
770 864 882 938 Roma
897 862 986 937 inter
1004 862 1257 963 Symmachum

283 974 324 1046 δι
339 971 570 1045 Laurentium.
584 970 784 1047 Consecrati
798 973 889 1047 enim
905 972 1039 1047 sueram
1056 972 1170 1049 ambo.
1182 974 1257 1045 Or·

160 1124 164 1129 ·
283 1082 423 1157 dinante
437 1084 533 1171 Deo,
545 1082 606 1180 qui
617 1106 662 1155 eo
673 1083 796 1181 dignus
810 1083 895 1175 fuit,
909 1082 1080 1183 superavit
1091 1084 1256 1181 Symma-

284 1194 381 1267 chus.
402 1192 482 1266 tort
501 1192 586 1266 sada
600 1218 684 1292 pace
708 1192 744 1267 in
761 1194 857 1268 Urbe
872 1194 1051 1288 Ecclesia,
1064 1194 1256 1277 ambulavit

283 1328 346 1375 rex
361 1302 597 1377 Theodericus
612 1304 759 1375 Romam
770 1304 835 1393 ,dt
850 1304 1057 1379 occurritB.
1074 1306 1178 1377 Petro
1192 1304 1256 1376 de·
1314 1338 1319 1347 *

89 1498 93 1506 Ι
241 1484 246 1493 ,
282 1412 496 1497 votislrmus
510 1438 551 1485 ac
568 1410 593 1482 st
608 1413 820 1488 catholicus.
831 1414 898 1488 Cui
911 1416 997 1512 Papa
1009 1415 1259 1515 Symmachus,

285 1524 326 1597 &
350 1523 494 1596 candus
525 1520 676 1613 senatus,
700 1522 761 1595 vel
791 1523 943 1639 populus
973 1526 1150 1599 Romanus
1176 1550 1257 1598 curn

57 1734 64 1750 ,
118 1624 121 1631 ⁵
170 1634 175 1640 ’
283 1658 384 1707 omm
373 1633 523 1732 gaudio
541 1651 638 1706 entra
653 1576 772 1707 rirllem
789 1626 1016 1709 occurrentes.
1037 1634 1176 1710 Deinde
1191 1658 1257 1707 ve-

284 1742 384 1817 niens
406 1742 569 1843 ingrersus
596 1743 735 1833 urbem,
756 1742 853 1819 venit
875 1744 919 1816 ad
950 1742 1122 1834 senatum,
1144 1746 1188 1817 δι
1212 1742 1256 1815 ad

285 1848 437 1925 Palmam
454 1847 587 1950 populo
601 1848 791 1943 allocutus,
803 1850 836 1925 se
855 1850 972 1925 omnia
985 1850 1097 1924 Deo
1087 1870 1255 1947 juvante,

284 1964 383 2059 quod
410 1981 504 2035 retro
531 1962 706 2059 Principes
730 1961 880 2035 Romani
909 1954 1177 2054 ordinaverunt,
1201 1962 1256 2035 in-

160 2110 165 2123 ·
283 2070 496 2145 violabiliter
513 2072 726 2145 servaturum
746 2070 928 2169 promittit.
949 2073 1012 2145 Per
1029 2062 1261 2153 tricennalem

238 2267 244 2285 ί
275 2177 498 2277 ‘triumphans
528 2180 663 2277 populo
689 2180 851 2277 ingressus
875 2181 1062 2283 Palatium,
1087 2181 1255 2255 exhibens

169 2354 173 2358 ,
285 2290 454 2364 Romanis
480 2290 581 2361 ludos
609 2288 833 2361 Circensium.
863 2290 1089 2390 Donavirque
1117 2292 1255 2389 populo

285 2399 450 2471 Romano
464 2399 503 2472 δι
515 2398 719 2495 pauperibus
731 2423 885 2473 annonas
896 2400 1031 2501 fingul'u
1045 2401 1160 2491 annis,
1173 2428 1257 2476 cen-

284 2525 360 2583 tum
389 2510 513 2609 viginti
536 2510 643 2583 millia
667 2510 823 2597 modios,
849 2514 949 2587 &ad
974 2510 1248 2585 restaurationem

283 2618 423 2715 palatii,
438 2617 494 2691 seu
508 2619 550 2690 ad
561 2620 854 2715 recuperationem
873 2620 1010 2694 moeniae
1023 2620 1173 2695 civitatis
1186 2622 1253 2693 sm·

283 2731 374 2826 gulis
388 2728 485 2801 annis
498 2728 599 2802 libras
608 2731 768 2803 ducentas
781 2731 823 2803 de
839 2756 917 2805 arca
934 2731 1066 2805 vinaria
1078 2732 1150 2803 dari
1162 2758 1254 2829 prae·

273 2840 424 2961 cepit.
408 2845 492 2912 ltcm
513 2840 740 2939 Amalafrigda
760 2866 917 2941 germana
939 2842 994 2915 sua
1015 2844 1052 2915 in
1072 2844 1253 2915 matrimo-

68 2945 73 2952 ’
211 3036 214 3040 ¹
281 2949 379 3018 nium
398 2926 533 3022 tradens
552 2974 623 3049 regt
612 2950 888 3025 Wandalorum
909 2952 1170 3025 Transrmundo.
1189 2952 1255 3023 Li-

232 3090 237 3103 ·
281 3057 413 3131 herium
433 3058 630 3154 prafedurn'
641 3060 807 3155 praetorii,
818 3087 919 3159 quem
941 3060 1094 3137 fecerat
1085 3090 1122 3136 m
1144 3059 1249 3131 initio
1272 3054 1276 3065 '
1356 3098 1357 3107 κ

278 3183 379 3265 ‘regni
367 3167 466 3258 sui,
486 3169 569 3244 fecit
587 3169 790 3261 Patricium,
812 3174 850 3245 &
867 3168 1005 3245 dedit
977 3198 1009 3247 er
1024 3154 1251 3247 succeffolem

278 3277 318 3348 in
339 3224 628 3353 administratione
651 3272 1012 3381 praefedurae.1taque
1037 3282 1251 3355 Theodorus

85 3409 90 3420 ¹
127 3407 129 3412 ·
246 3487 248 3490 Ι
277 3382 371 3459 silius
397 3388 528 3481 Battii,
556 3389 677 3463 Odoin
707 3390 893 3489 Comes
864 3416 935 3485 ejus
953 3392 1178 3465 rirtfidiabatur
1204 3389 1252 3462 ei.

279 3496 375 3569 Dum
392 3500 466 3573 haec
479 3500 719 3597 cognovisset)
730 3502 765 3573 in
780 3502 926 3600 palatio,
946 3504 1042 3601 quod
1060 3503 1249 3601 appellatur

277 3608 483 3700 Sessorium,
507 3630 610 3707 caput
637 3610 716 3707 ejua
734 3613 899 3709 amputari
930 3607 1101 3713 precepin
1130 3613 1250 3685 Verba

68 3722 72 3736 '
159 3770 166 3787 .
275 3720 368 3810 enim
387 3719 617 3817 promissionis
632 3722 725 3821 εῇιις,Ι
737 3748 815 3824 quae
828 3723 961 3823 populo
981 3722 1091 3815 fuerat
1109 3722 1245 3809 allocu-
