2775 4284
186 322 188 329 ι
226 286 308 345 Ὶοι
396 270 648 345 ΑΜΜΙΑΝΙ
682 270 1047 361 mancatum!

235 427 361 503 sldircia
373 430 432 504 diu
446 432 551 505 standi
566 455 731 522 conatur,
751 432 898 529 oppetiit
917 432 988 503 telo
1006 428 1098 531 letqli
1117 444 1208 503 coni

236 536 336 613 fixus.
351 538 430 613 Post
451 541 548 637 cujus
566 540 760 633 interitum,
775 542 960 615 Erulorum
979 544 1209 615 Batavorum·
1240 591 1242 606 .

185 718 193 733 ,
237 674 305 749 que
320 652 485 761 vexillum
500 651 686 749 direptum,
701 655 795 752 quod
807 652 1001 729 insultando
1017 651 1210 749 tripudian⁴

237 778 289 835 tes
303 761 437 837 barbari
450 762 572 835 crebro
586 761 755 837 sublatum
766 763 868 839 altius
881 761 1119 853 ostendebant,
1130 757 1210 859 poll

238 872 425 945 certamina
446 862 622 969 receptum
645 874 694 947 est
712 900 845 973 magna.

266 984 328 1055 .11.
356 984 436 1076 Qua
460 983 555 1059 clade
576 1006 656 1059 cum
683 985 808 1058 ultimo
833 1008 986 1062 moerore
1009 994 1212 1079 comperta,

240 1091 453 1167 corredurus
473 1092 579 1167 secius
598 1092 686 1192 gella
703 1094 931 1193 Dagalaiphus
945 1119 965 1167 a
978 1092 1108 1174 Parisiis
1128 1094 1212 1166 mit·

101 1194 108 1207 “
223 1197 333 1275 titur.
344 1204 464 1299 quue
476 1200 533 1274 diu
545 1204 735 1292 condente,
749 1202 985 1301 causanteque,
998 1202 1136 1277 diffusos
1149 1224 1213 1300 per

240 1308 334 1381 varia
350 1310 512 1386 barbaros
530 1311 632 1389 semet
653 1312 781 1386 adoriri
802 1338 876 1387 non
894 1313 1004 1411 posse,
1027 1312 1213 1409 accitoque
1244 1374 1248 1383 .

239 1422 473 1520 paulopost,
498 1442 537 1499 ut
563 1451 646 1500 curn
664 1427 833 1500 Gratiano
864 1424 1039 1511 etiamtum
1069 1421 1214 1521 privato

240 1528 422 1628 susciperet
433 1532 572 1633 insignia
586 1531 798 1620 consulatum
815 1532 964 1607 lovinus
975 1528 1128 1629 equitum
1139 1550 1215 1598 ma-

240 1638 341 1737 gister
352 1642 555 1743 accingitur:
566 1646 604 1718 δι
614 1643 790 1717 inslrudus
804 1640 1015 1741 paratusque,
1027 1636 1216 1712 cautissime

243 1747 433 1825 observans
447 1772 626 1853 utrumque
641 1754 689 1827 sui
706 1754 849 1852 agminis
870 1752 977 1855 larus,
991 1748 1089 1823 venit
1104 1770 1224 1845 prope

242 1857 360 1935 locum
373 1862 593 1961 Scarponna:
609 1866 667 1939 ubi
680 1865 844 1963 inopinus
862 1863 1025 1960 majorem
1045 1860 1213 1933 barbaro·

202 2067 206 2074 Α
243 1992 321 2043 rum
335 1972 488 2069 plebem,
508 1993 691 2075 antequam
710 1992 915 2064 armaretur,
929 1970 1094 2067 temporis
1112 1965 1229 2041 brevi

242 2083 372 2177 pundo
387 2104 597 2181 praeventam
609 2086 650 2160 ad
667 2086 937 2159 internecionem
951 2078 1122 2155 exstinxit.
1147 2082 1215 2149 Ex·
1258 2157 1263 2164 ,

244 2186 406 2264 sultantes
429 2191 566 2264 innoxii
588 2194 703 2291 proelii
728 2194 838 2291 gloria
861 2190 985 2280 milites
1008 2189 1050 2261 ad
1077 2184 1216 2261 alterius
1315 2237 1320 2247 ,

183 2350 190 2367 ,
243 2298 341 2411 globi
361 2299 542 2395 perniciem
561 2302 709 2392 ducens,
729 2303 913 2399 sensimque
930 2290 1090 2372 incedens
1105 2296 1219 2369 cedor

245 2408 656 2508 eximius,speculatione
675 2413 793 2487 didicit
806 2410 893 2502 sida,
911 2409 1051 2507 direptis
1071 2405 1234 2505 propius'

124 2568 145 2595 s
244 2518 339 2627 villis
360 2518 575 2595 vastatoriam
590 2550 727 2597 manum
748 2522 921 2623 quiescere
941 2531 1049 2619 prope
1061 2517 1216 2599 flumen:

244 2628 381 2730 jamque
397 2632 597 2717 adventans,
613 2634 813 2734 abditusque
826 2634 864 2707 in
884 2632 974 2706 valle
989 2628 1149 2703 densrtate
1162 2650 1217 2700 ar·

244 2742 422 2819 buslorum
437 2745 579 2821 obscura
587 2801 599 2838 ,
612 2748 749 2822 videbat
763 2746 916 2819 lavantes
928 2742 1034 2835 alios,
1049 2738 1216 2840 quosdam

246 2847 365 2928 comas
383 2856 557 2931 rutilantes
576 2884 617 2931 ex
635 2881 754 2949 more,
775 2852 998 2955 potantesque
1015 2849 1216 2926 nonnullos.

242 2968 290 3065 ΙΙίῐ
312 2964 423 3039 nasius
439 2965 558 3040 horam
574 2966 750 3065 impendio
765 2963 1025 3061 tempestivam,
1045 2962 1139 3062 signo
1157 2984 1216 3033 re-

246 3093 350 3173 pente
364 3100 425 3174 per
445 3075 548 3162 lituos
568 3076 670 3166 dato,
683 3074 895 3149 latrocinalia
910 3072 1014 3146 castra
1036 3067 1190 3169 perrupit
1204 3094 1216 3143 ε

118 3230 123 3237 ·
248 3204 439 3291 contraque
453 3184 639 3273 Germani,
651 3183 757 3273 nihil,
768 3207 889 3281 praerer
903 3180 1094 3255 inefficaces
1105 3178 1217 3251 minas

246 3294 408 3391 jadanter
425 3292 580 3367 sonantes
600 3296 638 3367 &
658 3292 850 3383 fremitum,
870 3316 934 3364 nec
950 3290 1110 3387 expedire
1124 3314 1217 3367 arma

249 3404 409 3503 dispersa,
431 3429 495 3479 nec
519 3430 729 3502 componere
752 3403 881 3495 aciem,
899 3428 963 3476 nec
985 3400 1155 3500 resurgere
1178 3401 1216 3475 in

249 3514 340 3591 vires
367 3513 673 3612 permittebantur,
706 3531 845 3610 urgente
875 3511 1037 3586 instanter
1071 3510 1217 3584 vidore.

202 3696 205 3701 .
250 3626 427 3721 Quocirca
441 3626 544 3700 forati
558 3625 635 3724 pilis
650 3629 687 3702 δι
701 3626 818 3725 gladiis
829 3625 988 3700 cecidere
998 3624 1216 3722 complures,

251 3740 373 3840 auique
386 3740 447 3834 iis,
461 3762 549 3839 quos
564 3739 680 3816 versos
699 3738 850 3838 inpedes
860 3756 972 3813 texere
986 3734 1129 3815 flexuofi
1144 3752 1217 3822 tra·u
1306 3806 1313 3814 ,
