2775 4284
337 207 505 355 neuun
530 245 787 389 GESTARUM
813 273 898 351 tn.»
915 271 1029 349 rutv.
1114 284 1165 371 n‘

199 437 269 509 rem
286 435 419 532 justitie
435 433 592 508 inclaruit
607 434 732 521 bonis,
746 433 852 505 multa
867 430 1077 530 significant:
1092 432 1167 529 pri·

199 571 280 638 mo,
295 548 473 644 quoderat
489 569 553 641 pro
571 569 683 616 rerum
700 547 739 616 &
756 544 936 615 hominum
952 542 1167 617 distindione
1264 615 1271 632 ,

199 655 270 728 sine
288 657 484 729 crudelitate
499 654 655 728 terribilis
670 680 679 726 t
695 653 840 741 deinde,
860 650 957 748 quod
977 663 1167 746 paucorum
1207 704 1209 707 -

199 765 393 839 discrimine
414 766 498 838 vitia
520 765 726 844 cohibebat:
746 758 821 835 tum
836 781 970 849 autent,
985 760 1082 857 quod
1099 762 1166 833 mi·

198 877 344 949 trabatur
355 875 448 948 serto
462 875 575 972 potius
587 899 712 972 ,quam
725 874 892 946 utebatur.
914 870 1089 944 Postremo
1101 925 1113 959 ,
1125 889 1165 972 ut

196 983 304 1057 multa
319 1001 534 1080 pretereamt
549 982 697 1072 constat,
718 1007 798 1054 eum
819 980 1014 1074 inapertos
1033 980 1166 1077 aliquos

198 1096 358 1170 inimicos
373 1095 583 1170 insidiatores
605 1094 684 1168 suos
699 1094 747 1187 ita
769 1089 1013 1167 consurrexisse
1034 1088 1168 1162 mitisli·

198 1231 272 1292 me,
286 1226 323 1280 ut
338 1231 517 1304 poenarum
531 1204 740 1301 asperitatem
754 1208 902 1302 genuina
915 1200 1101 1272 lenitudine
1114 1225 1168 1274 ca·

198 1315 343 1415 (ligaret.
365 1315 614 1390 Fortitudinem
636 1314 857 1388 certaminum
872 1313 1169 1403 crebritas,usus·

151 1489 154 1498 ,
198 1425 267 1526 que
285 1426 453 1500 bellorum
479 1425 648 1515 ostendit,
662 1427 703 1498 δι
726 1422 887 1522 patientia
913 1422 1080 1522 frigorum
1101 1422 1169 1496 im·
1201 1415 1203 1425 ’
1227 1520 1231 1527 x

185 1538 369 1627 manium,
394 1536 601 1613 &fervoris
627 1560 780 1636 quoque.
813 1537 983 1633 Corporis
1003 1560 1126 1616 mimus
1147 1561 1168 1609 a

117 1733 119 1737 ¹
197 1647 327 1738 milite,
342 1648 384 1720 ab
397 1647 601 1744 imperatore
615 1672 703 1720 vero
718 1646 824 1720 animi
838 1645 1083 1742 poscitur.lpse
1096 1663 1168 1719 tru-

199 1778 274 1828 cem
299 1755 428 1827 hostem
450 1757 522 1830 islu
540 1755 692 1829 confecit
715 1756 872 1828 audasler
892 1756 1106 1853 congressus,
1126 1781 1168 1832 ac
1234 1819 1237 1825 .

198 1860 336 1934 nostros
356 1863 513 1935 cedentes
530 1864 666 1958 objedo
684 1864 821 1958 pedore
836 1865 897 1939 suo
910 1865 1092 1962 aliquoties
1106 1888 1169 1938 co-

198 1969 313 2042 hibuit
328 1968 440 2044 solus:
455 1995 625 2068 regnaque
643 1969 827 2041 furentium
843 1973 1094 2044 Germanorum
1109 1998 1168 2045 ex·

197 2076 333 2167 cidens,
347 2082 396 2173 ,δι
416 2078 452 2150 in
476 2078 620 2175 pulvere
646 2096 816 2175 vaporato
841 2076 1004 2168 Persidis,
1026 2080 1168 2175 augebat
1287 2158 1295 2176 Ι

195 2179 356 2256 fiduciam
386 2184 502 2260 militis
528 2185 692 2258 dimicans
722 2184 812 2257 inter
834 2185 976 2281 primos.
1010 2186 1167 2278 Caslren·

196 2295 282 2370 fium
295 2298 514 2396 negotiorum
530 2285 702 2372 scientiam
717 2298 813 2395 plura
828 2299 1001 2373 declarant
1014 2304 1052 2374 δι
1065 2319 1167 2376 nota:
1288 2308 1290 2311 ’

146 2433 148 2438 ·
196 2406 379 2481 civitatum
398 2409 724 2506 oppugnationes&
739 2409 954 2485 castellorum
969 2411 1060 2484 inter
1074 2410 1167 2507 ipsos

196 2513 428 2589 discriminum
448 2517 611 2599 vertices,
623 2511 712 2590 acies
734 2509 1057 2614 figura-'multiformi
1071 2545 1166 2594 aom-
1190 2595 1193 2598 ,

195 2626 335 2722 posrtae,
355 2626 591 2702 salubriter&
611 2646 708 2700 caute
728 2626 833 2699 castra
854 2645 1168 2725 metata‚.praeten·

195 2752 283 2810 turae
316 2737 542 2837 stationesque
575 2739 714 2839 agrari‘ae
738 2737 822 2813 tutis
853 2739 1044 2812 rationibus
1068 2741 1167 2815 ordi·

195 2866 294 2921 natae.
307 2848 498 2925 Austoritas
517 2851 602 2924 adeo
621 2850 749 2937 valuit,
766 2868 804 2922 ut
816 2848 954 2923 dilestus
966 2850 1164 2944 aridissime,

167 3020 170 3039 ,
195 2957 278 3030 dum
298 2958 451 3048 timetur,
466 2984 504 3033 ac
519 2960 544 3032 s1
560 2958 793 3056 periculorum
809 2956 973 3034 socius&
987 2945 1165 3051 laborum,

195 3066 345 3142 &inter
369 3070 644 3143 concertationes
669 3069 846 3142 acerrimas
863 3067 1088 3141 animadverti
1108 3066 1165 3160 ju·'
1263 3079 1268 3108 ¹

133 3225 136 3229 -
195 3175 292 3249 beret
308 3176 343 3249 in
350 3178 506 3264 desides,
527 3180 565 3251 δι
578 3177 691 3254 Caesar
703 3176 831 3266 adhuc,
846 3177 915 3260 fine
929 3175 1097 3273 stipendio
1111 3203 1166 3252 re·

76 3359 79 3368 ,
194 3301 290 3378 geret
313 3284 453 3357 militem
477 3285 556 3358 seris
575 3284 766 3382 appositum
787 3284 959 3382 gentibus,
974 3303 1013 3357 ut
1034 3284 1164 3359 dudum

195 3387 244 3460 est
262 3390 405 3482 didum,
420 3393 653 3489 allocutusque
673 3411 842 3467 tumentes
858 3411 1026 3483 armatos,
1040 3392 1164 3466 disces-

198 3497 313 3572 surum
333 3502 494 3596 advitam
510 3505 694 3576 minaretur
711 3504 899 3599 privatam,
916 3502 951 3576 ni
965 3501 1164 3576 tumultuari
1193 3560 1197 3568 t
1264 3549 1269 3552 -

130 3655 141 3677 ·.
195 3597 399 3683 desisterent.
420 3599 581 3712 Denique
602 3615 638 3686 id
657 3640 724 3710 pto
748 3615 862 3687 multis
884 3614 978 3688 nosse
996 3613 1163 3686 sufficietz
1242 3657 1244 3661 ·

195 3718 411 3806 exhortatum
434 3745 513 3797 euin
531 3723 676 3821 simplici
697 3723 871 3802 concione
890 3724 1034 3800 militem
1057 3719 1165 3821 Galli}
