2775 4284
314 247 482 323 RERUM
506 205 868 361 cesriiiuu'iii.
888 177 1039 323 iiiiii.¹
1120 277 1174 349 23¹

198 441 235 490 re
254 413 364 496 nollri
391 430 475 490 tunc
501 411 664 513 segnius:
687 409 829 488 sed‘ubi
856 410 976 486 animis
1003 397 1040 485 in
1065 411 1170 488 auda·

197 525 280 601 ciam
301 524 487 616 restitutis,
510 524 678 623 armisque
692 593 695 601 ,
708 524 812 622 raptis
835 522 925 598 inter
957 524 1171 618 tumultum,

196 633 363 711 exercitus
387 651 490 709 cantu
505 635 663 710 concitus
680 633 927 724 buccinarum,
951 657 1030 708 cum
1043 632 1169 709 minaci

196 771 368 832 murmure
381 747 588 836 festinaret,
613 764 792 872 eruptores
816 745 990 845 perterriti
1014 761 1169 820 reverte·

148 860 152 876 ‘
196 875 280 935 runt
299 857 426 933 intasli
440 862 483 932 Et
499 856 732 956 Imperator,
721 885 772 932 ira
790 883 885 957 gravi
899 874 1097 955 permotus
1112 880 1169 930 re·
1186 854 1191 863 ’

195 965 312 1065 liquos
344 994 389 1044 ex
419 995 460 1046 ea
490 971 661 1062 cohorte,
687 971 747 1068 qui
781 967 908 1062 abjesle
943 936 1170 1042 sustinuerant

194 1078 357 1176 impetum
376 1083 623 1181 grassatorum,
644 1083 687 1156 ad
707 1082 894 1180 pedellrem
914 1081 1089 1206 compegit
1102 1079 1168 1152 mi·

193 1186 324 1279 lidam,
339 1197 422 1290 :unae
441 1191 624 1267 onerosior
644 1192 714 1282 est,
730 1190 973 1292 dignitatibus
964 1190 1167 1267 imminutis.

193 1299 352 1398 Flagrans
366 1302 442 1399 post
460 1303 533 1378 haec
556 1304 600 1378 ad
613 1305 802 1382 eruendum
817 1303 989 1379 castellum
1003 1357 1015 1395 ,
1028 1303 1088 1376 ubi
1104 1304 1167 1400 pess

191 1413 358 1488 riclitatus
373 1415 451 1506 v-ell,
471 1440 610 1514 operam
638 1417 819 1491 convertit
844 1418 882 1491 δ’(
902 1441 1048 1506 curam,
1072 1439 1168 1486 nun·

188 1549 293 1622 quam
309 1526 352 1598 ab
372 1526 595 1626 antesignanis
618 1527 688 1626 ipse
706 1525 917 1626 digrediens,
931 1544 969 1600 ut
986 1525 1076 1598 inter
1090 1526 1167 1623 pri·

189 1657 267 1706 mos
289 1634 454 1733 dimicans
486 1635 589 1710 militi
615 1637 659 1708 ad
683 1635 823 1710 sortiter
858 1633 1057 1709 faciendum
1083 1635 1166 1708 esset

191 1742 352 1836 exemplo
372 1743 537 1838 spedator
561 1744 796 1842 probatorque
812 1744 993 1843 gestorum,
1004 1747 1092 1837 Quo
1110 1744 1182 1815 in-·

190 1861 243 1918 ter
261 1847 492 1923 discriminum
511 1854 657 1928 vertices
676 1854 736 1926 diu
759 1855 975 1951 multumque
999 1853 1166 1941 versato,

69 2016 71 2022 ,
191 1953 355 2030 varietate
370 1959 614 2046 munitionum
634 1979 740 2058 atque
765 1962 940 2054 telorum,
964 1964 1004 2036 δι
1027 1960 1166 2057 conspi·
1203 1964 1207 1973 “

136 2072 139 2077 ’
190 2063 326 2140 ratione
347 2087 649 2183 oppugnatorum,
660 2070 751 2144 idem
773 2070 946 2146 castellum
970 2070 1165 2144 incenditur

189 2195 339 2273 captum
347 2178 444 2256 Post
465 2203 562 2278 quae,
580 2183 803 2257 consideratis
823 2181 1057 2287 asperitatibus
1083 2199 1163 2255 ante

30 2353 32 2360 .
124 2301 127 2306 '
188 2287 486 2385 gestarum'rerum
501 2295 541 2368 bc
562 2275 853 2392 impendentium,
873 2292 1045 2394 requievit
1064 2315 1166 2363 excr-
1286 2281 1289 2290 ’

188 2401 286 2474 citus
304 2401 478 2474 labore
444 2403 553 2476 nimio
581 2403 778 2502 quassatus,
802 2399 1047 2498 multissvidui
1071 2424 1163 2474 con·

172 2497 415 2618 ¹gruisaffatim
432 2511 631 2587 distributis.
644 2515 782 2586 Vallum
796 2531 916 2593 tamen
924 2511 1062 2582 sudibus
1078 2510 1166 2582 den·-

187 2621 287 2697 sis&
310 2622 470 2698 sollarum
492 2623 670 2702 altitudine
700 2615 831 2698 cautius
855 2620 978 2704 deinde
1010 2618 1163 2692 strueba-

190 2752 267 2817 tur,
277 2755 357 2812 cunr
376 2754 395 2804 a
412 2731 528 2807 uicina
539 2730 607 2826 jam
620 2730 845 2828 Ctesiphonte
855 2747 1024 2826 repentini
1039 2751 1165 2801 excur-

187 2841 267 2930 sus,
288 2846 327 2917 δι
347 2844 411 2916 alia
432 2843 702 2918 formidarentur
720 2842 870 2916 occulta.

236 2955 293 3024 Vl.
318 2955 465 3028 Ventum
479 2955 523 3028 ell
541 2955 624 3030 hinc
640 2956 691 3028 ad·
710 2954 820 3028 fossile
839 2952 968 3027 flumen
986 2952 1164 3030 Naarmale

100 3159 107 3172 ,
186 3060 249 3136 cha
262 3062 422 3153 nomine,
436 3065 532 3162 quod
544 3066 652 3139 amnls
666 3085 786 3166 regum
802 3068 1063 3165 interpretatur,
1076 3087 1172 3143 tunc.
1241 3117 1255 3131 s

186 3169 329 3245 aridum.
353 3170 390 3242 ld
411 3173 555 3248 antehac
576 3173 769 3271 Traianus,
787 3177 973 3276 posteaque
989 3182 1162 3266 Severus,

186 3279 300 3375 egesto
314 3279 389 3356 solo
408 3281 535 3356 fodiri
526 3307 562 3357 in
581 3285 724 3360 modum
740 3289 865 3361 canalis
883 3289 1075 3386 amplissimi
1092 3288 1164 3364 siu·

72 3440 79 3456 .
189 3383 260 3458 dio
271 3410 448 3466 curaverat
460 3392 625 3484 summo,
644 3413 682 3468 ut
706 3396 803 3494 aquis
825 3398 908 3473 illuc
926 3399 969 3472 ab
989 3400 1163 3498 Euphrate

187 3495 387 3590 transfusis,
410 3498 517 3579 n'aves
538 3507 581 3580 ad
601 3506 779 3605 Tigridem
797 3510 1070 3610 commigrarent.
1084 3509 1164 3587 Tu·
1230 3593 1234 3600 ¹

187 3605 421 3708 tillimumque'
434 3613 477 3685 ad
492 3614 610 3688 omnia
629 3614 742 3689 visum
764 3616 831 3708 est,
849 3620 967 3694 eadem
982 3622 1059 3695 loca
1077 3624 1161 3715 pur-¹

142 3729 147 3738 ’
185 3717 278 3818 gari,
298 3743 376 3818 quae
397 3726 572 3823 quondam
597 3725 716 3800 similia
744 3672 853 3807 uersa
877 3730 1036 3804 timentes
1065 3727 1161 3802 mole
1249 3780 1251 3791 ·

894 3844 970 3931 Bi
