<?xml version="1.0" encoding="UTF-8"?>
<!DOCTYPE html PUBLIC "-//W3C//DTD XHTML 1.0 Transitional//EN"
    "http://www.w3.org/TR/xhtml1/DTD/xhtml1-transitional.dtd">
<html xmlns="http://www.w3.org/1999/xhtml" xml:lang="en" lang="en">
 <head>
  <title>
</title>
<meta http-equiv="Content-Type" content="text/html;charset=utf-8" />
  <meta name='ocr-system' content='tesseract 3.04.00' />
  <meta name='ocr-capabilities' content='ocr_page ocr_carea ocr_par ocr_line ocrx_word'/>
</head>
<body>
  <div class='ocr_page' id='page_1' title='image "ammianimarcelli00ernegoog_0062.png"; bbox 0 0 2775 4284; ppageno 0'>
   <div class='ocr_carea' id='block_1_1' title="bbox 300 231 1344 397">
    <p class='ocr_par' dir='ltr' id='par_1_1' title="bbox 300 231 1344 397">
     <span class='ocr_line' id='line_1_1' title="bbox 300 231 1344 397; baseline 0.002 -42"><span class='ocrx_word' id='word_1_1' title='bbox 300 283 466 357; x_wconf 57' lang='lat' dir='ltr'>u‘auuu</span> <span class='ocrx_word' id='word_1_2' title='bbox 492 231 750 356; x_wconf 80' lang='lat' dir='ltr'>casrnuuu</span> <span class='ocrx_word' id='word_1_3' title='bbox 775 283 855 354; x_wconf 86' lang='lat' dir='ltr'>ua.</span> <span class='ocrx_word' id='word_1_4' title='bbox 881 281 1001 358; x_wconf 80' lang='lat' dir='ltr'><strong>xxv,</strong></span> <span class='ocrx_word' id='word_1_5' title='bbox 1052 309 1154 383; x_wconf 65' lang='lat'>¹57¹</span> <span class='ocrx_word' id='word_1_6' title='bbox 1205 346 1212 397; x_wconf 42' lang='grc' dir='ltr'>ἶ</span> <span class='ocrx_word' id='word_1_7' title='bbox 1260 323 1263 328; x_wconf 95' lang='grc'>-</span> <span class='ocrx_word' id='word_1_8' title='bbox 1341 261 1344 266; x_wconf 79' lang='grc'><strong>’</strong></span> 
     </span>
    </p>
   </div>
   <div class='ocr_carea' id='block_1_2' title="bbox 73 432 1196 870">
    <p class='ocr_par' dir='ltr' id='par_1_2' title="bbox 73 432 1196 870">
     <span class='ocr_line' id='line_1_2' title="bbox 173 432 1165 546; baseline 0.003 -31"><span class='ocrx_word' id='word_1_9' title='bbox 173 441 328 542; x_wconf 90' lang='lat' dir='ltr'>proditos</span> <span class='ocrx_word' id='word_1_10' title='bbox 349 443 589 546; x_wconf 78' lang='lat' dir='ltr'>advertissent,</span> <span class='ocrx_word' id='word_1_11' title='bbox 606 469 625 516; x_wconf 87' lang='lat' dir='ltr'>a</span> <span class='ocrx_word' id='word_1_12' title='bbox 641 462 769 522; x_wconf 84' lang='lat' dir='ltr'>conatu</span> <span class='ocrx_word' id='word_1_13' title='bbox 788 441 916 518; x_wconf 90' lang='lat' dir='ltr'>uesario</span> <span class='ocrx_word' id='word_1_14' title='bbox 930 432 1142 522; x_wconf 80' lang='lat' dir='ltr'>destiterunt.</span> <span class='ocrx_word' id='word_1_15' title='bbox 1163 436 1165 441; x_wconf 40' lang='lat'>¹</span> 
     </span>
     <span class='ocr_line' id='line_1_3' title="bbox 73 549 1140 649; baseline 0.002 -26"><span class='ocrx_word' id='word_1_16' title='bbox 73 636 77 645; x_wconf 26' lang='grc'>1</span> <span class='ocrx_word' id='word_1_17' title='bbox 174 555 247 624; x_wconf 88' lang='lat' dir='ltr'>llac</span> <span class='ocrx_word' id='word_1_18' title='bbox 273 552 374 638; x_wconf 84' lang='lat' dir='ltr'>etiam</span> <span class='ocrx_word' id='word_1_19' title='bbox 398 549 586 646; x_wconf 78' lang='lat' dir='ltr'>suspicione</span> <span class='ocrx_word' id='word_1_20' title='bbox 607 549 674 643; x_wconf 85' lang='lat' dir='ltr'>jam</span> <span class='ocrx_word' id='word_1_21' title='bbox 700 550 798 624; x_wconf 89' lang='lat' dir='ltr'>liberi</span> <span class='ocrx_word' id='word_1_22' title='bbox 810 550 828 640; x_wconf 80' lang='grc'>’,-</span> <span class='ocrx_word' id='word_1_23' title='bbox 849 550 1140 649; x_wconf 84' lang='lat' dir='ltr'>properantesque</span> 
     </span>
     <span class='ocr_line' id='line_1_4' title="bbox 173 662 1196 764; baseline 0 -28"><span class='ocrx_word' id='word_1_24' title='bbox 173 662 348 736; x_wconf 78' lang='lat' dir='ltr'>itineribus</span> <span class='ocrx_word' id='word_1_25' title='bbox 362 665 516 764; x_wconf 85' lang='lat' dir='ltr'>magnis,</span> <span class='ocrx_word' id='word_1_26' title='bbox 537 683 645 759; x_wconf 87' lang='lat' dir='ltr'>prope</span> <span class='ocrx_word' id='word_1_27' title='bbox 664 665 805 736; x_wconf 85' lang='lat' dir='ltr'>Hatram</span> <span class='ocrx_word' id='word_1_28' title='bbox 826 662 1014 751; x_wconf 83' lang='lat' dir='ltr'>venimus,</span> <span class='ocrx_word' id='word_1_29' title='bbox 1041 681 1141 737; x_wconf 90' lang='lat' dir='ltr'>vetus</span> <span class='ocrx_word' id='word_1_30' title='bbox 1190 668 1196 680; x_wconf 85' lang='lat'>&#39;</span> 
     </span>
     <span class='ocr_line' id='line_1_5' title="bbox 97 770 1142 870; baseline 0.003 -27"><span class='ocrx_word' id='word_1_31' title='bbox 97 822 98 826; x_wconf 48' lang='lat'><em>=</em></span> <span class='ocrx_word' id='word_1_32' title='bbox 126 772 129 781; x_wconf 75' lang='grc'><em>’</em></span> <span class='ocrx_word' id='word_1_33' title='bbox 173 771 339 867; x_wconf 88' lang='lat' dir='ltr'>oppidum</span> <span class='ocrx_word' id='word_1_34' title='bbox 365 773 403 854; x_wconf 90' lang='lat' dir='ltr'>in</span> <span class='ocrx_word' id='word_1_35' title='bbox 438 772 548 846; x_wconf 89' lang='lat' dir='ltr'>media</span> <span class='ocrx_word' id='word_1_36' title='bbox 573 770 758 860; x_wconf 81' lang='lat' dir='ltr'>solitudine</span> <span class='ocrx_word' id='word_1_37' title='bbox 783 771 956 867; x_wconf 87' lang='lat' dir='ltr'>posrturn,</span> <span class='ocrx_word' id='word_1_38' title='bbox 986 770 1142 870; x_wconf 87' lang='lat' dir='ltr'>olimque</span> 
     </span>
    </p>
   </div>
   <div class='ocr_carea' id='block_1_3' title="bbox 174 881 1146 980">
    <p class='ocr_par' dir='ltr' id='par_1_3' title="bbox 174 881 1146 980">
     <span class='ocr_line' id='line_1_6' title="bbox 174 881 1146 980; baseline 0 -26"><span class='ocrx_word' id='word_1_39' title='bbox 174 882 341 958; x_wconf 86' lang='lat' dir='ltr'>desertum</span> <span class='ocrx_word' id='word_1_40' title='bbox 356 909 366 954; x_wconf 72' lang='grc' dir='ltr'><strong><em>ε</em></strong></span> <span class='ocrx_word' id='word_1_41' title='bbox 381 883 476 980; x_wconf 92' lang='lat' dir='ltr'>quod</span> <span class='ocrx_word' id='word_1_42' title='bbox 489 881 692 956; x_wconf 83' lang='lat' dir='ltr'>diruendum</span> <span class='ocrx_word' id='word_1_43' title='bbox 713 881 826 955; x_wconf 86' lang='lat' dir='ltr'>adorti</span> <span class='ocrx_word' id='word_1_44' title='bbox 842 881 1056 978; x_wconf 86' lang='lat' dir='ltr'>temporibus</span> <span class='ocrx_word' id='word_1_45' title='bbox 1079 907 1146 956; x_wconf 83' lang='lat' dir='ltr'>va·</span> 
     </span>
    </p>
   </div>
   <div class='ocr_carea' id='block_1_4' title="bbox 173 989 1183 1091">
    <p class='ocr_par' dir='ltr' id='par_1_4' title="bbox 173 989 1183 1091">
     <span class='ocr_line' id='line_1_7' title="bbox 173 989 1183 1091; baseline 0.001 -28"><span class='ocrx_word' id='word_1_46' title='bbox 173 990 234 1063; x_wconf 78' lang='lat' dir='ltr'>tiis</span> <span class='ocrx_word' id='word_1_47' title='bbox 251 989 416 1082; x_wconf 84' lang='lat' dir='ltr'>Traianus</span> <span class='ocrx_word' id='word_1_48' title='bbox 443 995 480 1066; x_wconf 79' lang='grc' dir='ltr'>δι</span> <span class='ocrx_word' id='word_1_49' title='bbox 502 989 668 1082; x_wconf 82' lang='lat' dir='ltr'>Severus,</span> <span class='ocrx_word' id='word_1_50' title='bbox 682 991 854 1090; x_wconf 83' lang='lat' dir='ltr'>principes</span> <span class='ocrx_word' id='word_1_51' title='bbox 868 989 1020 1064; x_wconf 89' lang='lat' dir='ltr'>bellicofi</span> <span class='ocrx_word' id='word_1_52' title='bbox 1031 1045 1043 1080; x_wconf 91' lang='lat'><strong>,</strong></span> <span class='ocrx_word' id='word_1_53' title='bbox 1062 1015 1145 1065; x_wconf 87' lang='lat' dir='ltr'>cunt</span> <span class='ocrx_word' id='word_1_54' title='bbox 1179 1087 1183 1091; x_wconf 85' lang='lat'><em>.</em></span> 
     </span>
    </p>
   </div>
   <div class='ocr_carea' id='block_1_5' title="bbox 176 1097 1145 1196">
    <p class='ocr_par' dir='ltr' id='par_1_5' title="bbox 176 1097 1145 1196">
     <span class='ocr_line' id='line_1_8' title="bbox 176 1097 1145 1196; baseline 0 -26"><span class='ocrx_word' id='word_1_55' title='bbox 176 1099 381 1175; x_wconf 81' lang='lat' dir='ltr'>exercitibus</span> <span class='ocrx_word' id='word_1_56' title='bbox 405 1123 500 1196; x_wconf 83' lang='lat' dir='ltr'>paene</span> <span class='ocrx_word' id='word_1_57' title='bbox 526 1101 627 1172; x_wconf 91' lang='lat' dir='ltr'>deleti</span> <span class='ocrx_word' id='word_1_58' title='bbox 649 1100 747 1189; x_wconf 92' lang='lat' dir='ltr'>sunt,</span> <span class='ocrx_word' id='word_1_59' title='bbox 766 1098 804 1172; x_wconf 92' lang='lat' dir='ltr'>ut</span> <span class='ocrx_word' id='word_1_60' title='bbox 825 1099 864 1170; x_wconf 90' lang='lat' dir='ltr'>iu·</span> <span class='ocrx_word' id='word_1_61' title='bbox 882 1122 1002 1170; x_wconf 89' lang='lat' dir='ltr'>eorum</span> <span class='ocrx_word' id='word_1_62' title='bbox 1016 1097 1145 1170; x_wconf 73' lang='lat' dir='ltr'>adibus</span> 
     </span>
    </p>
   </div>
   <div class='ocr_carea' id='block_1_6' title="bbox 1144 46 1216 107">
    <p class='ocr_par' dir='ltr' id='par_1_6' title="bbox 1144 46 1216 107">
     <span class='ocr_line' id='line_1_9' title="bbox 1144 46 1216 107; baseline 0 -30"><span class='ocrx_word' id='word_1_63' title='bbox 1144 59 1160 107; x_wconf 44' lang='lat' dir='ltr'>‘p</span> <span class='ocrx_word' id='word_1_64' title='bbox 1213 46 1216 77; x_wconf 91' lang='lat' dir='ltr'>l</span> 
     </span>
    </p>
   </div>
   <div class='ocr_carea' id='block_1_7' title="bbox 178 1202 1155 1307">
    <p class='ocr_par' dir='ltr' id='par_1_7' title="bbox 178 1202 1155 1307">
     <span class='ocr_line' id='line_1_10' title="bbox 178 1202 1155 1307; baseline -0.002 -28"><span class='ocrx_word' id='word_1_65' title='bbox 178 1203 238 1279; x_wconf 86' lang='lat' dir='ltr'>has</span> <span class='ocrx_word' id='word_1_66' title='bbox 261 1231 400 1306; x_wconf 88' lang='lat' dir='ltr'>quoque</span> <span class='ocrx_word' id='word_1_67' title='bbox 420 1207 608 1307; x_wconf 74' lang='lat' dir='ltr'>digessimus</span> <span class='ocrx_word' id='word_1_68' title='bbox 619 1228 741 1305; x_wconf 86' lang='lat' dir='ltr'>partes.</span> <span class='ocrx_word' id='word_1_69' title='bbox 764 1207 865 1282; x_wconf 89' lang='lat' dir='ltr'>Unde</span> <span class='ocrx_word' id='word_1_70' title='bbox 889 1204 1054 1305; x_wconf 84' lang='lat' dir='ltr'>cognito,</span> <span class='ocrx_word' id='word_1_71' title='bbox 1080 1202 1155 1303; x_wconf 84' lang='lat' dir='ltr'>per</span> 
     </span>
    </p>
   </div>
   <div class='ocr_carea' id='block_1_8' title="bbox 147 1315 1241 1415">
    <p class='ocr_par' dir='ltr' id='par_1_8' title="bbox 147 1315 1241 1415">
     <span class='ocr_line' id='line_1_11' title="bbox 147 1315 1241 1415; baseline 0.001 -29"><span class='ocrx_word' id='word_1_72' title='bbox 147 1316 366 1414; x_wconf 57' lang='lat' dir='ltr'>,porredlam</span> <span class='ocrx_word' id='word_1_73' title='bbox 389 1315 562 1412; x_wconf 80' lang='lat' dir='ltr'>planitiem</span> <span class='ocrx_word' id='word_1_74' title='bbox 591 1317 737 1415; x_wconf 86' lang='lat' dir='ltr'>adusque</span> <span class='ocrx_word' id='word_1_75' title='bbox 763 1317 916 1415; x_wconf 70' lang='lat' dir='ltr'>¹lapidem</span> <span class='ocrx_word' id='word_1_76' title='bbox 945 1315 1146 1415; x_wconf 77' lang='lat' dir='ltr'>septuagesi-</span> <span class='ocrx_word' id='word_1_77' title='bbox 1237 1320 1241 1325; x_wconf 74' lang='grc'><strong>“</strong></span> 
     </span>
    </p>
   </div>
   <div class='ocr_carea' id='block_1_9' title="bbox 177 1423 1146 1524">
    <p class='ocr_par' dir='ltr' id='par_1_9' title="bbox 177 1423 1146 1524">
     <span class='ocr_line' id='line_1_12' title="bbox 177 1423 1146 1524; baseline -0.006 -22"><span class='ocrx_word' id='word_1_78' title='bbox 177 1449 272 1502; x_wconf 87' lang='lat' dir='ltr'>mum</span> <span class='ocrx_word' id='word_1_79' title='bbox 289 1424 327 1496; x_wconf 66' lang='lat' dir='ltr'>iu‘</span> <span class='ocrx_word' id='word_1_80' title='bbox 347 1425 545 1524; x_wconf 77' lang='lat' dir='ltr'>regionibus</span> <span class='ocrx_word' id='word_1_81' title='bbox 565 1423 665 1498; x_wconf 88' lang='lat' dir='ltr'>aridis</span> <span class='ocrx_word' id='word_1_82' title='bbox 683 1453 746 1500; x_wconf 92' lang='lat' dir='ltr'>nec</span> <span class='ocrx_word' id='word_1_83' title='bbox 759 1451 882 1523; x_wconf 80' lang='lat' dir='ltr'>aquam</span> <span class='ocrx_word' id='word_1_84' title='bbox 896 1425 1052 1502; x_wconf 87' lang='lat' dir='ltr'>invenire</span> <span class='ocrx_word' id='word_1_85' title='bbox 1066 1424 1146 1522; x_wconf 85' lang='lat' dir='ltr'>p9s·</span> 
     </span>
    </p>
   </div>
   <div class='ocr_carea' id='block_1_10' title="bbox 64 1533 1147 1640">
    <p class='ocr_par' dir='ltr' id='par_1_10' title="bbox 64 1533 1147 1640">
     <span class='ocr_line' id='line_1_13' title="bbox 64 1533 1147 1640; baseline 0.006 -38"><span class='ocrx_word' id='word_1_86' title='bbox 64 1599 65 1602; x_wconf 74' lang='grc'>,</span> <span class='ocrx_word' id='word_1_87' title='bbox 177 1533 223 1622; x_wconf 87' lang='lat' dir='ltr'>se,</span> <span class='ocrx_word' id='word_1_88' title='bbox 239 1555 360 1632; x_wconf 88' lang='lat' dir='ltr'>praeter</span> <span class='ocrx_word' id='word_1_89' title='bbox 372 1535 483 1608; x_wconf 90' lang='lat' dir='ltr'>salsam</span> <span class='ocrx_word' id='word_1_90' title='bbox 496 1539 534 1610; x_wconf 78' lang='lat' dir='ltr'>dt</span> <span class='ocrx_word' id='word_1_91' title='bbox 547 1535 723 1625; x_wconf 85' lang='lat' dir='ltr'>soetidam,</span> <span class='ocrx_word' id='word_1_92' title='bbox 739 1562 802 1611; x_wconf 87' lang='lat' dir='ltr'>nec</span> <span class='ocrx_word' id='word_1_93' title='bbox 811 1537 854 1608; x_wconf 92' lang='lat' dir='ltr'>ad</span> <span class='ocrx_word' id='word_1_94' title='bbox 865 1535 990 1640; x_wconf 71' lang='lat' dir='ltr'>vidum</span> <span class='ocrx_word' id='word_1_95' title='bbox 1003 1535 1147 1633; x_wconf 89' lang='lat' dir='ltr'>aliquid,</span> 
     </span>
    </p>
   </div>
   <div class='ocr_carea' id='block_1_11' title="bbox 178 1645 1147 1739">
    <p class='ocr_par' dir='ltr' id='par_1_11' title="bbox 178 1645 1147 1739">
     <span class='ocr_line' id='line_1_14' title="bbox 178 1645 1147 1739; baseline 0.003 -23"><span class='ocrx_word' id='word_1_96' title='bbox 178 1645 240 1716; x_wconf 84' lang='lat' dir='ltr'>nist</span> <span class='ocrx_word' id='word_1_97' title='bbox 260 1647 491 1737; x_wconf 91' lang='lat' dir='ltr'>abrotonum,</span> <span class='ocrx_word' id='word_1_98' title='bbox 518 1651 557 1722; x_wconf 90' lang='lat'>&amp;</span> <span class='ocrx_word' id='word_1_99' title='bbox 580 1649 785 1723; x_wconf 74' lang='lat' dir='ltr'>absinthium</span> <span class='ocrx_word' id='word_1_100' title='bbox 803 1651 880 1739; x_wconf 67' lang='grc' dir='ltr'>,ἴδε</span> <span class='ocrx_word' id='word_1_101' title='bbox 905 1649 1147 1739; x_wconf 87' lang='lat' dir='ltr'>dracontium,</span> 
     </span>
    </p>
   </div>
   <div class='ocr_carea' id='block_1_12' title="bbox 177 1752 1258 2171">
    <p class='ocr_par' dir='ltr' id='par_1_12' title="bbox 177 1752 1258 2158">
     <span class='ocr_line' id='line_1_15' title="bbox 177 1752 1221 1857; baseline 0.005 -31"><span class='ocrx_word' id='word_1_102' title='bbox 177 1752 309 1850; x_wconf 86' lang='lat' dir='ltr'>aliaque</span> <span class='ocrx_word' id='word_1_103' title='bbox 324 1757 500 1832; x_wconf 87' lang='lat' dir='ltr'>herbarum</span> <span class='ocrx_word' id='word_1_104' title='bbox 514 1783 636 1856; x_wconf 85' lang='lat' dir='ltr'>genera</span> <span class='ocrx_word' id='word_1_105' title='bbox 648 1759 848 1832; x_wconf 76' lang='lat' dir='ltr'>tristissima:</span> <span class='ocrx_word' id='word_1_106' title='bbox 866 1760 958 1849; x_wconf 87' lang='lat' dir='ltr'>vasa,</span> <span class='ocrx_word' id='word_1_107' title='bbox 970 1786 1046 1857; x_wconf 82' lang='lat' dir='ltr'>quae</span> <span class='ocrx_word' id='word_1_108' title='bbox 1059 1783 1146 1855; x_wconf 85' lang='lat' dir='ltr'>por·</span> <span class='ocrx_word' id='word_1_109' title='bbox 1217 1787 1221 1801; x_wconf 80' lang='lat'><strong>·</strong></span> 
     </span>
     <span class='ocr_line' id='line_1_16' title="bbox 179 1865 1191 1965; baseline 0.008 -30"><span class='ocrx_word' id='word_1_110' title='bbox 179 1865 336 1938; x_wconf 89' lang='lat' dir='ltr'>tabantur</span> <span class='ocrx_word' id='word_1_111' title='bbox 350 1869 476 1965; x_wconf 90' lang='lat' dir='ltr'>‚aquis</span> <span class='ocrx_word' id='word_1_112' title='bbox 500 1869 638 1963; x_wconf 89' lang='lat' dir='ltr'>impleta</span> <span class='ocrx_word' id='word_1_113' title='bbox 660 1869 739 1943; x_wconf 89' lang='lat' dir='ltr'>sunt</span> <span class='ocrx_word' id='word_1_114' title='bbox 759 1870 935 1943; x_wconf 87' lang='lat' dir='ltr'>dulcibus:</span> <span class='ocrx_word' id='word_1_115' title='bbox 955 1872 994 1943; x_wconf 77' lang='grc' dir='ltr'>δι</span> <span class='ocrx_word' id='word_1_116' title='bbox 1019 1869 1148 1942; x_wconf 79' lang='lat' dir='ltr'>matta·</span> <span class='ocrx_word' id='word_1_117' title='bbox 1180 1882 1191 1959; x_wconf 77' lang='lat' dir='ltr'>j</span> 
     </span>
     <span class='ocr_line' id='line_1_17' title="bbox 177 1973 1174 2076; baseline 0.001 -29"><span class='ocrx_word' id='word_1_118' title='bbox 177 1973 220 2047; x_wconf 89' lang='lat' dir='ltr'>ris</span> <span class='ocrx_word' id='word_1_119' title='bbox 233 1976 368 2051; x_wconf 87' lang='lat' dir='ltr'>camelis</span> <span class='ocrx_word' id='word_1_120' title='bbox 382 1975 608 2074; x_wconf 77' lang='lat' dir='ltr'>jumentisque</span> <span class='ocrx_word' id='word_1_121' title='bbox 619 1975 718 2069; x_wconf 86' lang='lat' dir='ltr'>aliis,</span> <span class='ocrx_word' id='word_1_122' title='bbox 733 1978 892 2050; x_wconf 76' lang='lat' dir='ltr'>alimenta</span> <span class='ocrx_word' id='word_1_123' title='bbox 902 1978 1038 2076; x_wconf 73' lang='lat' dir='ltr'>quaesita</span> <span class='ocrx_word' id='word_1_124' title='bbox 1052 1977 1147 2072; x_wconf 86' lang='lat' dir='ltr'>suut,</span> <span class='ocrx_word' id='word_1_125' title='bbox 1170 2066 1174 2072; x_wconf 20' lang='grc' dir='ltr'>Ι</span> 
     </span>
     <span class='ocr_line' id='line_1_18' title="bbox 178 2059 1258 2171; baseline 0.003 -17"><span class='ocrx_word' id='word_1_126' title='bbox 178 2081 294 2156; x_wconf 90' lang='lat' dir='ltr'>licet</span> <span class='ocrx_word' id='word_1_127' title='bbox 282 2060 400 2159; x_wconf 79' lang='lat' dir='ltr'>noxia.</span> <span class='ocrx_word' id='word_1_128' title='bbox 424 2087 465 2156; x_wconf 84' lang='lat' dir='ltr'>Et</span> <span class='ocrx_word' id='word_1_129' title='bbox 490 2083 548 2156; x_wconf 88' lang='lat' dir='ltr'>via</span> <span class='ocrx_word' id='word_1_130' title='bbox 577 2083 633 2156; x_wconf 84' lang='lat' dir='ltr'>sex</span> <span class='ocrx_word' id='word_1_131' title='bbox 654 2083 786 2157; x_wconf 88' lang='lat' dir='ltr'>dierum</span> <span class='ocrx_word' id='word_1_132' title='bbox 799 2059 969 2171; x_wconf 89' lang='lat' dir='ltr'>emensa,</span> <span class='ocrx_word' id='word_1_133' title='bbox 997 2081 1076 2158; x_wconf 90' lang='lat' dir='ltr'>cum</span> <span class='ocrx_word' id='word_1_134' title='bbox 1104 2107 1149 2157; x_wconf 84' lang='lat' dir='ltr'>ne</span> <span class='ocrx_word' id='word_1_135' title='bbox 1255 2080 1258 2089; x_wconf 84' lang='grc'>’</span> 
     </span>
    </p>
   </div>
   <div class='ocr_carea' id='block_1_13' title="bbox 180 2187 1150 2400">
    <p class='ocr_par' dir='ltr' id='par_1_13' title="bbox 180 2187 1150 2400">
     <span class='ocr_line' id='line_1_19' title="bbox 180 2187 1149 2289; baseline 0.006 -29"><span class='ocrx_word' id='word_1_136' title='bbox 180 2193 331 2288; x_wconf 86' lang='lat' dir='ltr'>gramina</span> <span class='ocrx_word' id='word_1_137' title='bbox 355 2187 527 2289; x_wconf 87' lang='lat' dir='ltr'>quidem</span> <span class='ocrx_word' id='word_1_138' title='bbox 518 2196 784 2286; x_wconf 78' lang='lat' dir='ltr'>invenirentur,</span> <span class='ocrx_word' id='word_1_139' title='bbox 808 2192 925 2267; x_wconf 88' lang='lat' dir='ltr'>solatia</span> <span class='ocrx_word' id='word_1_140' title='bbox 939 2190 1149 2266; x_wconf 81' lang='lat' dir='ltr'>necessitatis</span> 
     </span>
     <span class='ocr_line' id='line_1_20' title="bbox 180 2303 1150 2400; baseline 0 -24"><span class='ocrx_word' id='word_1_141' title='bbox 180 2322 363 2376; x_wconf 75' lang='lat' dir='ltr'>extreme:</span> <span class='ocrx_word' id='word_1_142' title='bbox 384 2303 453 2375; x_wconf 81' lang='lat' dir='ltr'>dux</span> <span class='ocrx_word' id='word_1_143' title='bbox 475 2303 734 2400; x_wconf 77' lang='lat' dir='ltr'>Mesopotamia</span> <span class='ocrx_word' id='word_1_144' title='bbox 759 2303 956 2394; x_wconf 75' lang='lat' dir='ltr'>Cassianus,</span> <span class='ocrx_word' id='word_1_145' title='bbox 976 2305 1018 2389; x_wconf 11' lang='lat' dir='ltr'>&amp;p</span> <span class='ocrx_word' id='word_1_146' title='bbox 1037 2303 1150 2376; x_wconf 88' lang='lat' dir='ltr'>tribu·</span> 
     </span>
    </p>
   </div>
   <div class='ocr_carea' id='block_1_14' title="bbox 180 2409 1237 2509">
    <p class='ocr_par' dir='ltr' id='par_1_14' title="bbox 180 2409 1237 2509">
     <span class='ocr_line' id='line_1_21' title="bbox 180 2409 1237 2509; baseline 0.002 -25"><span class='ocrx_word' id='word_1_147' title='bbox 180 2436 243 2484; x_wconf 91' lang='lat' dir='ltr'>nus</span> <span class='ocrx_word' id='word_1_148' title='bbox 258 2409 442 2484; x_wconf 87' lang='lat' dir='ltr'>Mauricius</span> <span class='ocrx_word' id='word_1_149' title='bbox 457 2411 585 2509; x_wconf 79' lang='lat' dir='ltr'>pridem</span> <span class='ocrx_word' id='word_1_150' title='bbox 601 2414 648 2485; x_wconf 90' lang='lat' dir='ltr'>ob</span> <span class='ocrx_word' id='word_1_151' title='bbox 663 2415 733 2489; x_wconf 92' lang='lat' dir='ltr'>hoc</span> <span class='ocrx_word' id='word_1_152' title='bbox 749 2414 862 2488; x_wconf 82' lang='lat' dir='ltr'>missus</span> <span class='ocrx_word' id='word_1_153' title='bbox 872 2415 934 2502; x_wconf 86' lang='lat' dir='ltr'>‚atl</span> <span class='ocrx_word' id='word_1_154' title='bbox 945 2417 996 2487; x_wconf 92' lang='lat' dir='ltr'>Ur</span> <span class='ocrx_word' id='word_1_155' title='bbox 1007 2413 1150 2486; x_wconf 91' lang='lat' dir='ltr'>nomine</span> <span class='ocrx_word' id='word_1_156' title='bbox 1232 2470 1237 2474; x_wconf 85' lang='grc'>-</span> 
     </span>
    </p>
   </div>
   <div class='ocr_carea' id='block_1_15' title="bbox 179 2513 1150 2761">
    <p class='ocr_par' dir='ltr' id='par_1_15' title="bbox 179 2513 1150 2761">
     <span class='ocr_line' id='line_1_22' title="bbox 179 2513 1150 2612; baseline 0 -18"><span class='ocrx_word' id='word_1_157' title='bbox 179 2522 345 2594; x_wconf 75' lang='lat' dir='ltr'>Persicum</span> <span class='ocrx_word' id='word_1_158' title='bbox 361 2545 488 2594; x_wconf 89' lang='lat' dir='ltr'>venere</span> <span class='ocrx_word' id='word_1_159' title='bbox 511 2522 709 2612; x_wconf 84' lang='lat' dir='ltr'>caslellum,</span> <span class='ocrx_word' id='word_1_160' title='bbox 737 2513 835 2596; x_wconf 86' lang='lat' dir='ltr'>cibos</span> <span class='ocrx_word' id='word_1_161' title='bbox 855 2524 1000 2596; x_wconf 86' lang='lat' dir='ltr'>ferentes</span> <span class='ocrx_word' id='word_1_162' title='bbox 1013 2548 1056 2600; x_wconf 77' lang='lat' dir='ltr'>ex</span> <span class='ocrx_word' id='word_1_163' title='bbox 1076 2522 1150 2606; x_wconf 83' lang='lat' dir='ltr'>his,</span> 
     </span>
     <span class='ocr_line' id='line_1_23' title="bbox 181 2629 1150 2761; baseline -0.002 -59"><span class='ocrx_word' id='word_1_164' title='bbox 181 2654 269 2761; x_wconf 61' lang='lat' dir='ltr'>quf&#39;s</span> <span class='ocrx_word' id='word_1_165' title='bbox 298 2629 433 2705; x_wconf 69' lang='lat' dir='ltr'>relislus</span> <span class='ocrx_word' id='word_1_166' title='bbox 457 2655 535 2704; x_wconf 91' lang='lat' dir='ltr'>cum</span> <span class='ocrx_word' id='word_1_167' title='bbox 561 2630 737 2728; x_wconf 89' lang='lat' dir='ltr'>Procopio</span> <span class='ocrx_word' id='word_1_168' title='bbox 765 2631 1020 2709; x_wconf 74' lang='lat' dir='ltr'>&amp;Sebastiano</span> <span class='ocrx_word' id='word_1_169' title='bbox 1052 2654 1150 2722; x_wconf 76' lang='lat' dir='ltr'>exer·</span> 
     </span>
    </p>
   </div>
   <div class='ocr_carea' id='block_1_16' title="bbox 139 2737 1253 2946">
    <p class='ocr_par' dir='ltr' id='par_1_16' title="bbox 139 2737 1253 2946">
     <span class='ocr_line' id='line_1_24' title="bbox 139 2737 1248 2835; baseline 0 -23"><span class='ocrx_word' id='word_1_170' title='bbox 139 2756 143 2764; x_wconf 82' lang='grc'><em>’</em></span> <span class='ocrx_word' id='word_1_171' title='bbox 180 2738 268 2814; x_wconf 90' lang='lat' dir='ltr'>citus</span> <span class='ocrx_word' id='word_1_172' title='bbox 289 2738 422 2835; x_wconf 88' lang='lat' dir='ltr'>parcius</span> <span class='ocrx_word' id='word_1_173' title='bbox 448 2739 605 2812; x_wconf 70' lang='lat' dir='ltr'>viditans</span> <span class='ocrx_word' id='word_1_174' title='bbox 633 2737 864 2814; x_wconf 89' lang='lat' dir='ltr'>conservarat.</span> <span class='ocrx_word' id='word_1_175' title='bbox 898 2740 990 2813; x_wconf 88' lang='lat' dir='ltr'>Hinc</span> <span class='ocrx_word' id='word_1_176' title='bbox 1018 2742 1150 2812; x_wconf 81' lang='lat' dir='ltr'>Proc&#39;o·</span> <span class='ocrx_word' id='word_1_177' title='bbox 1242 2802 1248 2812; x_wconf 88' lang='grc'><strong>.</strong></span> 
     </span>
     <span class='ocr_line' id='line_1_25' title="bbox 180 2845 1253 2946; baseline 0.004 -28"><span class='ocrx_word' id='word_1_178' title='bbox 180 2848 256 2946; x_wconf 93' lang='lat' dir='ltr'>pius</span> <span class='ocrx_word' id='word_1_179' title='bbox 271 2847 355 2920; x_wconf 89' lang='lat' dir='ltr'>alter</span> <span class='ocrx_word' id='word_1_180' title='bbox 375 2848 531 2920; x_wconf 86' lang='lat' dir='ltr'>notarius</span> <span class='ocrx_word' id='word_1_181' title='bbox 541 2901 554 2935; x_wconf 88' lang='lat'><em>,</em></span> <span class='ocrx_word' id='word_1_182' title='bbox 570 2850 608 2920; x_wconf 74' lang='grc' dir='ltr'>δε</span> <span class='ocrx_word' id='word_1_183' title='bbox 628 2845 1013 2922; x_wconf 77' lang='lat' dir='ltr'>Memoridusmilitaris</span> <span class='ocrx_word' id='word_1_184' title='bbox 1039 2846 1150 2924; x_wconf 83' lang='lat' dir='ltr'>tribu·</span> <span class='ocrx_word' id='word_1_185' title='bbox 1249 2881 1253 2907; x_wconf 60' lang='grc' dir='ltr'>ι</span> 
     </span>
    </p>
   </div>
   <div class='ocr_carea' id='block_1_17' title="bbox 181 2956 1175 3054">
    <p class='ocr_par' dir='ltr' id='par_1_17' title="bbox 181 2956 1175 3054">
     <span class='ocr_line' id='line_1_26' title="bbox 181 2956 1175 3054; baseline 0.002 -26"><span class='ocrx_word' id='word_1_186' title='bbox 181 2981 264 3045; x_wconf 92' lang='lat' dir='ltr'>nus,</span> <span class='ocrx_word' id='word_1_187' title='bbox 279 2957 322 3028; x_wconf 89' lang='lat' dir='ltr'>ad</span> <span class='ocrx_word' id='word_1_188' title='bbox 341 2957 464 3030; x_wconf 76' lang='lat' dir='ltr'>tradas</span> <span class='ocrx_word' id='word_1_189' title='bbox 487 2956 648 3054; x_wconf 88' lang='lat' dir='ltr'>Illyricos</span> <span class='ocrx_word' id='word_1_190' title='bbox 667 2956 851 3030; x_wconf 88' lang='lat' dir='ltr'>mittuntur</span> <span class='ocrx_word' id='word_1_191' title='bbox 873 2960 910 3033; x_wconf 89' lang='lat'>&amp;</span> <span class='ocrx_word' id='word_1_192' title='bbox 935 2959 1151 3053; x_wconf 75' lang='lat' dir='ltr'>Galliarum,</span> <span class='ocrx_word' id='word_1_193' title='bbox 1172 2957 1175 2964; x_wconf 71' lang='grc'><strong>’</strong></span> 
     </span>
    </p>
   </div>
   <div class='ocr_carea' id='block_1_18' title="bbox 181 3063 1152 3272">
    <p class='ocr_par' dir='ltr' id='par_1_18' title="bbox 181 3063 1151 3272">
     <span class='ocr_line' id='line_1_27' title="bbox 181 3063 1151 3183; baseline 0.004 -46"><span class='ocrx_word' id='word_1_194' title='bbox 181 3064 370 3137; x_wconf 88' lang='lat' dir='ltr'>nuntiaturi</span> <span class='ocrx_word' id='word_1_195' title='bbox 384 3063 508 3140; x_wconf 76' lang='lat' dir='ltr'>iuliani</span> <span class='ocrx_word' id='word_1_196' title='bbox 531 3083 700 3156; x_wconf 88' lang='lat' dir='ltr'>mortem,</span> <span class='ocrx_word' id='word_1_197' title='bbox 726 3069 764 3151; x_wconf 71' lang='grc' dir='ltr'>δι</span> <span class='ocrx_word' id='word_1_198' title='bbox 787 3068 971 3142; x_wconf 77' lang='lat' dir='ltr'>Iovianum</span> <span class='ocrx_word' id='word_1_199' title='bbox 986 3064 1107 3165; x_wconf 81' lang='lat' dir='ltr'>post</span> <span class='ocrx_word' id='word_1_200' title='bbox 1079 3091 1151 3183; x_wconf 69' lang='lat' dir='ltr'>elus</span> 
     </span>
     <span class='ocr_line' id='line_1_28' title="bbox 182 3174 1152 3272; baseline 0.004 -26"><span class='ocrx_word' id='word_1_201' title='bbox 182 3176 314 3248; x_wconf 84' lang='lat' dir='ltr'>obitum</span> <span class='ocrx_word' id='word_1_202' title='bbox 326 3176 367 3248; x_wconf 90' lang='lat' dir='ltr'>ad</span> <span class='ocrx_word' id='word_1_203' title='bbox 380 3176 515 3250; x_wconf 87' lang='lat' dir='ltr'>culmen</span> <span class='ocrx_word' id='word_1_204' title='bbox 531 3174 710 3272; x_wconf 80' lang='lat' dir='ltr'>augustum</span> <span class='ocrx_word' id='word_1_205' title='bbox 725 3177 892 3250; x_wconf 70' lang='lat' dir='ltr'>evettun.</span> <span class='ocrx_word' id='word_1_206' title='bbox 904 3177 1042 3272; x_wconf 88' lang='lat' dir='ltr'>Quibus</span> <span class='ocrx_word' id='word_1_207' title='bbox 1055 3205 1152 3251; x_wconf 90' lang='lat' dir='ltr'>man·</span> 
     </span>
    </p>
   </div>
   <div class='ocr_carea' id='block_1_19' title="bbox 183 3276 1185 3393">
    <p class='ocr_par' dir='ltr' id='par_1_19' title="bbox 183 3276 1185 3393">
     <span class='ocr_line' id='line_1_29' title="bbox 183 3276 1185 3393; baseline 0.003 -39"><span class='ocrx_word' id='word_1_208' title='bbox 183 3285 323 3356; x_wconf 88' lang='lat' dir='ltr'>daverat</span> <span class='ocrx_word' id='word_1_209' title='bbox 339 3285 520 3382; x_wconf 83' lang='lat' dir='ltr'>Princeps,</span> <span class='ocrx_word' id='word_1_210' title='bbox 533 3303 571 3357; x_wconf 92' lang='lat' dir='ltr'>ut</span> <span class='ocrx_word' id='word_1_211' title='bbox 598 3276 822 3359; x_wconf 85' lang='lat' dir='ltr'>Lucillianum</span> <span class='ocrx_word' id='word_1_212' title='bbox 850 3285 1008 3361; x_wconf 88' lang='lat' dir='ltr'>socerum</span> <span class='ocrx_word' id='word_1_213' title='bbox 1033 3286 1152 3393; x_wconf 89' lang='lat' dir='ltr'>suum,</span> <span class='ocrx_word' id='word_1_214' title='bbox 1182 3369 1185 3371; x_wconf 9' lang='grc' dir='ltr'><strong>Α</strong></span> 
     </span>
    </p>
   </div>
   <div class='ocr_carea' id='block_1_20' title="bbox 160 3389 1151 3830">
    <p class='ocr_par' dir='ltr' id='par_1_20' title="bbox 160 3389 1151 3830">
     <span class='ocr_line' id='line_1_30' title="bbox 160 3389 1150 3492; baseline 0.006 -31"><span class='ocrx_word' id='word_1_215' title='bbox 160 3390 166 3398; x_wconf 83' lang='grc'>’</span> <span class='ocrx_word' id='word_1_216' title='bbox 183 3389 260 3488; x_wconf 90' lang='lat' dir='ltr'>post</span> <span class='ocrx_word' id='word_1_217' title='bbox 276 3393 466 3486; x_wconf 79' lang='lat' dir='ltr'>depositum</span> <span class='ocrx_word' id='word_1_218' title='bbox 483 3391 649 3467; x_wconf 85' lang='lat' dir='ltr'>tnilitiae</span> <span class='ocrx_word' id='word_1_219' title='bbox 637 3413 760 3478; x_wconf 78' lang='lat' dir='ltr'>munus</span> <span class='ocrx_word' id='word_1_220' title='bbox 774 3393 950 3492; x_wconf 79' lang='lat' dir='ltr'>digressum</span> <span class='ocrx_word' id='word_1_221' title='bbox 961 3397 1150 3490; x_wconf 75' lang='lat' dir='ltr'>aduttum,</span> 
     </span>
     <span class='ocr_line' id='line_1_31' title="bbox 183 3496 1149 3604; baseline 0.001 -28"><span class='ocrx_word' id='word_1_222' title='bbox 183 3522 442 3601; x_wconf 88' lang='lat' dir='ltr'>morantemque</span> <span class='ocrx_word' id='word_1_223' title='bbox 468 3530 512 3578; x_wconf 89' lang='lat' dir='ltr'>eo</span> <span class='ocrx_word' id='word_1_224' title='bbox 534 3525 689 3602; x_wconf 88' lang='lat' dir='ltr'>tempore</span> <span class='ocrx_word' id='word_1_225' title='bbox 710 3508 800 3604; x_wconf 90' lang='lat' dir='ltr'>apud</span> <span class='ocrx_word' id='word_1_226' title='bbox 818 3506 1002 3598; x_wconf 84' lang='lat' dir='ltr'>Sirmium,</span> <span class='ocrx_word' id='word_1_227' title='bbox 1023 3496 1149 3580; x_wconf 75' lang='lat' dir='ltr'>oblatis</span> 
     </span>
     <span class='ocr_line' id='line_1_32' title="bbox 185 3613 1151 3715; baseline 0.001 -28"><span class='ocrx_word' id='word_1_228' title='bbox 185 3613 366 3711; x_wconf 74' lang='lat' dir='ltr'>magisterii</span> <span class='ocrx_word' id='word_1_229' title='bbox 376 3615 737 3713; x_wconf 86' lang='lat' dir='ltr'>equitum&amp;pedituni</span> <span class='ocrx_word' id='word_1_230' title='bbox 747 3617 930 3709; x_wconf 90' lang='lat' dir='ltr'>codicillis,</span> <span class='ocrx_word' id='word_1_231' title='bbox 939 3643 1028 3715; x_wconf 86' lang='lat' dir='ltr'>quos</span> <span class='ocrx_word' id='word_1_232' title='bbox 1036 3617 1151 3689; x_wconf 90' lang='lat' dir='ltr'>iisdem</span> 
     </span>
     <span class='ocr_line' id='line_1_33' title="bbox 183 3723 1150 3830; baseline 0.003 -33"><span class='ocrx_word' id='word_1_233' title='bbox 183 3723 393 3821; x_wconf 85' lang='lat' dir='ltr'>tradiderat,</span> <span class='ocrx_word' id='word_1_234' title='bbox 415 3751 597 3827; x_wconf 90' lang='lat' dir='ltr'>properare</span> <span class='ocrx_word' id='word_1_235' title='bbox 630 3729 866 3806; x_wconf 86' lang='lat' dir='ltr'>Mediolanum</span> <span class='ocrx_word' id='word_1_236' title='bbox 892 3747 1074 3830; x_wconf 86' lang='lat' dir='ltr'>urgerent,</span> <span class='ocrx_word' id='word_1_237' title='bbox 1098 3751 1150 3800; x_wconf 89' lang='lat' dir='ltr'>res</span> 
     </span>
    </p>
   </div>
   <div class='ocr_carea' id='block_1_21' title="bbox 941 4048 1114 4121">
    <p class='ocr_par' dir='ltr' id='par_1_21' title="bbox 941 4048 1114 4121">
     <span class='ocr_line' id='line_1_34' title="bbox 941 4048 1114 4121; baseline 0 -16"><span class='ocrx_word' id='word_1_238' title='bbox 941 4048 1114 4121; x_wconf 50' lang='lat' dir='ltr'>J&lt;</span> 
     </span>
    </p>
   </div>
   <div class='ocr_carea' id='block_1_22' title="bbox 0 0 1404 4284">
    <p class='ocr_par' dir='ltr' id='par_1_22' title="bbox 0 0 1404 4284">
     <span class='ocr_line' id='line_1_35' title="bbox 0 0 1404 4284; baseline 0 0"><span class='ocrx_word' id='word_1_239' title='bbox 0 0 1404 4284; x_wconf 95' lang='lat' dir='ltr'> </span> 
     </span>
    </p>
   </div>
  </div>
 </body>
</html>
