2775 4284
169 265 193 309 ⁸
226 275 277 355 '44
373 213 1048 334 uuu'r'rurunacctttur
1097 255 1106 273 2
1186 262 1262 296 12·

228 420 329 520 quod
343 437 381 491 ut
402 419 554 517 egregius
569 419 678 515 pislot
691 416 827 489 vultum
844 411 1030 514 speciosum
1043 409 1199 508 effingit,
1258 409 1263 428 '

228 531 275 604 ita
296 530 458 628 pudicitia
479 532 598 603 celsius
625 526 885 624 consurgentem
906 523 1015 597 vitam
1034 538 1193 615 exornat.

227 641 342 731 Quam
360 638 468 712 labem
485 635 653 710 inadusto
672 635 801 714 robore
824 632 1016 730 juventulis
1032 630 1080 704 ita
1093 647 1199 703 caute

227 747 377 834 vitavit,
397 770 435 820 ut
459 771 503 818 ne
529 744 718 842 suspicione
748 745 894 844 quidem.
918 760 1017 816 unus
1042 738 1198 812 libidinis

173 913 176 921 ,
228 859 332 934 ullius
353 858 411 932 vel
431 856 706 945 citerioris'uitae
727 857 888 932 ministris
910 852 1140 939 incusaretur,
1156 869 1197 924 ut

228 969 317 1066 saepc
331 967 511 1064 contingit.
527 969 606 1043 Hoc
624 986 738 1040 autem
755 964 988 1062 temperantia
1002 985 1108 1061 genus
1122 985 1198 1032 cre·

229 1079 347 1151 scebat·
364 1077 401 1150 in
423 1075 553 1172 majus,
577 1077 719 1172 juvante
743 1064 948 1174 parsimonia
974 1067 1131 1147 ciborum
1157 1073 1198 1146 δε

229 1185 361 1276 somni,
381 1187 516 1282 ‚quibus
543 1184 638 1257 domi
670 1183 823 1283 forisque
852 1181 1005 1256 tenacius
1028 1179 1198 1251 utebatur.

228 1296 384 1394 Namque
398 1297 433 1385 in
449 1319 532 1392 pace
547 1295 656 1366 victus
676 1293 750 1388 ejus
763 1290 919 1366 mensura
933 1310 1035 1390 atque
1049 1287 1202 1361 tenuitas

228 1405 402 1480 eratresle
423 1403 637 1491 noscentibus
653 1400 863 1491 admiranda,
878 1401 976 1474 velut
994 1400 1037 1474 ad
1057 1396 1201 1494 pallium

229 1540 315 1588 mox
334 1513 504 1588 reversuri
518 1536 600 1609 aper
615 1513 732 1584 varios
751 1529 862 1584 autem
880 1511 1095 1606 procinslus,
1106 1502 1204 1580 ‘stans

26 1678 32 1694 ,
122 1655 132 1712 j
229 1623 398 1696 interdum
426 1647 523 1697 more
555 1621 686 1694 militia
714 1622 828 1695 cibum
853 1622 992 1694 brevem
1022 1612 1202 1715 'vitemque

229 1731 358 1832 sumere
376 1732 557 1806 visebatur.
573 1731 643 1830 Ubi
658 1755 746 1804 vero
759 1729 882 1828 exigua
895 1727 1087 1801 dormiendi
1098 1726 1199 1824 quie·

229 1861 263 1916 te
277 1843 450 1920 recreasset
471 1867 596 1939 corpus
609 1841 785 1914 laboribus
803 1840 1022 1927 induratum,
1034 1861 1201 1937 experge-

230 1949 337 2025 fasius
356 1952 557 2050 explorabat
580 1977 639 2048 per
659 1944 870 2048 semetipsum
891 1950 1081 2048 vigiliarum
1103 1948 1205 2021 vices
1241 1992 1247 2000 .

229 2064 268 2138 &
287 2061 487 2152 stationum,
512 2063 588 2158 post
609 2063 682 2134 haec
704 2062 803 2136 serias
826 2061 867 2133 ad
889 2081 977 2133 artes
997 2058 1206 2157 confugiens.

233 2170 476 2244 doctrinarum.
496 2175 539 2244 Et
553 2171 588 2242 sr·
601 2171 766 2242 nodurna
787 2169 934 2259 lumina,
949 2169 1038 2272 inter
1051 2194 1127 2267 quae
1144 2168 1202 2240 lu-

10 2359 14 2366 ,
61 2249 64 2254 ¹
117 2286 125 2306 “
233 2279 418 2374 culpabat,
440 2277 624 2375 potuissent
646 2303 753 2350 voces
778 2277 858 2373 ullae
883 2277 1017 2362 testari,
1042 2278 1206 2375 professo

151 2470 153 2474 ¹
231 2388 465 2477 ostenderant,
480 2387 568 2460 inter
581 2389 672 2460 hunc
691 2388 731 2460 δι
750 2384 914 2485 quosdam
927 2388 1102 2485 Principes
1114 2387 1202 2485 mul·

230 2517 303 2572 tum
318 2497 472 2576 interesse
483 2552 494 2586 ‚
507 2523 609 2597 quem
632 2516 758 2571 norant
779 2497 1013 2594 voluptatibus
1027 2524 1070 2570 ne
1084 2499 1126 2570 ad
1140 2523 1204 2569 ne·
1249 2556 1252 2561 .

232 2607 412 2682 cessitatem
429 2607 566 2705 quidem
587 2607 755 2681 indulsisse
777 2626 918 2680 naturae.
941 2607 1034 2680 Dein
1052 2607 1227 2703 pruden··
1258 2686 1271 2700 ο

101 2813 110 2824 ⁴
231 2717 288 2791 tiae
304 2717 375 2812 ejus
395 2717 523 2791 indicia
545 2717 639 2790 fuere
659 2716 717 2788 vel
736 2715 899 2813 plurima,
916 2743 936 2789 e
952 2716 1077 2815 quihus
1090 2716 1204 2813 expli-

233 2829 302 2902 cari
324 2827 469 2902 sufficiet
496 2834 620 2923 pauca,
639 2830 788 2900 Armatae
813 2825 1141 2915 rei‘scientislimum
1164 2831 1206 2906 δε

232 2952 384 3037 togatae:
407 2937 567 3012 civilitati
592 2937 776 3010 admodum
801 2937 958 3024 ssudens,
984 2956 1115 3011 tantum
1128 2937 1205 3014 vfihi

233 3062 417 3141 arrogans,
432 3064 598 3144 quantum
614 3073 632 3120 a
646 3064 824 3140 contemtu
838 3050 877 3122 &
890 3045 1071 3119 insolentia
1084 3046 1210 3120 distare

148 3151 154 3156 ’
233 3154 443 3230 existimabat
457 3179 467 3228 ε
483 3156 613 3232 virtute
632 3156 765 3246 senior,
780 3144 885 3254 quam
900 3177 999 3230 aetate
1012 3185 1021 3230 t
1038 3157 1207 3232 studiosus

234 3261 473 3366 cognitionum
495 3264 674 3354 omnium,
694 3266 733 3340 δι
757 3264 1004 3346 indeclinabilis
1026 3265 1210 3363 aliquoties
1277 3289 1279 3293 ·

235 3375 341 3472 judex
353 3367 504 3479 :l'censor
524 3377 681 3450 moribus
701 3378 858 3474 tegendis
875 3376 1078 3462 acerrimus,
1096 3371 1205 3474 placi-
1269 3456 1271 3461 ,
1337 3367 1341 3375 ’

235 3485 319 3574 dus,
337 3510 443 3582 opum
458 3503 674 3574 contemtor,
690 3487 848 3560 mortalia
862 3487 978 3560 cundia
992 3485 1178 3583 despiciens
1193 3514 1210 3564 a

236 3593 410 3690 postremo
424 3595 460 3668 id
472 3595 694 3694 praedicabat,
712 3599 813 3690 Turpe
827 3594 881 3696 effe
887 3596 1032 3692 firpi'enri
1040 3649 1050 3679 ‚
1063 3625 1132 3670 cum
1144 3599 1206 3671 lar-

29 3721 30 3726 ’
232 3711 304 3785 'bear
320 3711 486 3800 animum,
504 3731 627 3802 captate
647 3711 757 3782 lauder
778 3735 818 3778 cx
838 3736 970 3805 corpore..
990 3704 1212 3802 ¹Quibuctua-
1314 3783 1317 3787 ,
