2775 4284
201 242 292 316 «o
407 173 665 329 tutunus
693 208 1062 315 uniet-tumr

283 419 343 484 'suis
361 420 502 497 desertus,
518 426 548 486 &-
561 424 643 484 vivut
658 421 773 483 Valenti
790 420 931 492 traditus,
944 421 1039 498 capite
1056 427 1219 492 truncatur,-

211 549 220 568 κ
286 517 342 578 ΙΧ.
362 515 518 579 Matoellus
530 519 692 596 protector,
712 519 775 591 ejus
793 526 948 594 cognatus,
965 511 1094 578 &multi
1105 513 1217 576 Proco-

283 612 441 693 pianarurn
460 613 587 692 partium
604 609 750 690 supplicio
768 611 870 690 capitis
890 607 996 674 affecti.
1012 606 1054 675 Is.
1101 697 1106 706 ι
1126 610 1152 676 ,’

183 988 186 1002 ,
222 925 227 935 ’
245 935 273 1011 l.'
296 839 491 1014 Drcrr
505 956 522 1008 s
536 932 740 1032 impensiore
751 955 833 1006 cura
845 952 961 1006 rerum
969 928 1147 1006 ordinibus
1160 930 1219 1005 ad·

240 1044 352 1140 'usque
363 1044 540 1132 'memoriae
549 1039 700 1117 confinia
714 1039 888 1138 propioris
898 1094 909 1128 ,
921 1059 1129 1114 convenerat
1149 1040 1217 1135 jatn

197 1213 198 1220 ,
248 1151 398 1226 reserre'a
413 1142 607 1224 notioribus
622 1150 762 1246 pedem,
776 1169 814 1221 ut
825 1151 866 1224 δι
877 1147 1027 1246 pericula
1043 1151 1218 1245 declipen·
1304 1227 1307 1232 ,

246 1280 303 1333 tur
327 1259 463 1338 veritati
486 1258 573 1355 saepe
594 1258 778 1357 contigua,
800 1260 1108 1335 &examinatores
1131 1286 1218 1335 con·

239 1367 387 1449 texendi
409 1355 524 1465 operis
542 1367 664 1440 deinde
685 1392 758 1439 non
780 1367 992 1464 perferamus
1007 1369 1218 1466 intempesti-

143 1469 161 1486 ”
198 1521 200 1527 ·
245 1476 534 1586 vosfstrepentes
550 1500 587 1551 ut
602 1477 720 1566 laesos,
731 1477 756 1550 st
767 1478 977 1575 ptaetetitum
990 1480 1041 1562 srt,
1055 1480 1150 1576 quod
1161 1480 1218 1548 lo-

247 1589 403 1662 cutusest
416 1589 605 1683 Imperator
620 1586 654 1656 in
670 1602 792 1675 coena,
807 1587 866 1659 vel
877 1587 1046 1673 omilium,
1057 1595 1159 1683 quam
1169 1589 1224 1660 ob

246 1697 380 1772 causam
394 1697 535 1794 gregarii
549 1695 674 1778 milite-s
689 1697 833 1769 coerciti
853 1697 929 1771 sunt
947 1700 1038 1795 apud
1055 1696 1166 1795 signa,
1179 1700 1220 1772 ot

157 1879 160 1892 ,
245 1805 343 1906 quod
366 1829 439 1878 non
460 1806 618 1879 decuerat
643 1805 680 1877 in
705 1805 935 1905 descriptione
960 1806 1142 1903 multiplici
1165 1831 1220 1879 ra-
1256 1896 1259 1902 ι

157 1915 162 1926 “
229 1991 231 1996 ,
247 1917 414 2015 gionum,
430 1914 528 2012 super
540 1914 669 2014 exiguis
682 1909 776 1988 silere
790 1914 932 1990 castellis
943 1944 952 1988 t
963 1916 1123 2013 quodque
1134 1934 1218 1990 cun·

222 2026 380 2128 ¹diorum
407 2025 566 2111 nomina,
592 2023 653 2120 qui
674 2023 722 2095 ad
744 2023 867 2097 urbani
885 2023 1043 2121 ptaetoris
1063 2022 1218 2096 officium
1267 2045 1276 2054 ‘

245 2137 468 2221 convenere,
487 2157 560 2204 non
583 2130 659 2203 sunt
680 2133 852 2225 expressae
873 2134 913 2206 δι
933 2125 1053 2204 similia
1071 2126 1218 2228 plurima

244 2238 425 2337 praeceptis
443 2238 592 2320 historie
607 2235 1020 2340 dissonantia,discutrere
1035 2264 1097 2337 per
1108 2264 1218 2338 nego-

245 2349 374 2420 tiorum
401 2345 615 2418 celsitudines
635 2345 787 2437 assuetae,
812 2374 884 2422 non
902 2350 1081 2425 humilium
1102 2351 1218 2423 minu·

149 2521 152 2528 .
244 2459 307 2531 tias
320 2455 479 2556 indagate
494 2454 688 2531 causarum:
700 2483 784 2556 quas
799 2458 822 2532 st
836 2459 944 2537 scitari
960 2461 1111 2535 voluerit
1124 2461 1217 2559 quis·

224 2619 228 2644 t
245 2564 357 2668 piam,
374 2566 552 2640 individua
573 2565 630 2641 illa
644 2569 847 2667 corpuscula
869 2572 1049 2664 volitantia
1064 2600 1124 2672 per
1138 2574 1225 2646 ina⁴

159 2723 163 2732 ·
245 2703 312 2768 ne,
326 2697 477 2780 atomos!
491 2674 838 2775 utnosappellamus,
850 2683 1020 2757 numerati
1033 2683 1128 2780 polle
1141 2684 1215 2780 spe·

244 2791 351 2862 rabit
370 2791 452 2862 Haec
469 2789 607 2886 quidam
617 2809 777 2871 vveterum
791 2790 1029 2881 formidantes,
1042 2795 1216 2894 cognitio·

244 2921 305 2970 nes
320 2897 454 2970 asinum
470 2897 649 2985 variorum
669 2899 750 2972 stilis
764 2901 923 2975 uberibus
941 2903 1126 2998 explicatas
1140 2931 1215 2979 non

243 3007 380 3082 edidere
408 3005 616 3102 superstite5‚
645 3027 682 3082 ut
707 3010 743 3084 in
770 3013 914 3108 quadam
942 3015 985 3087 ad
1011 3016 1214 3113 Cornelium

243 3118 416 3212 Nepotem
435 3117 576 3214 epistola
593 3114 728 3191 Tullius
746 3145 885 3218 quoque
901 3125 991 3198 testis
1005 3127 1213 3200 reverendus

199 3297 204 3314 ,
244 3223 398 3301 affirmat.
419 3228 566 3323 Proinde
581 3229 714 3314 inscitia
732 3234 865 3333 vulgari
885 3226 1138 3332 contemta‚'ad
1153 3268 1214 3314 re·

164 3338 183 3375 ‘¹
216 3439 217 3443 Ἰ
243 3335 339 3407 fidua
354 3340 518 3412 narranda
537 3364 725 3438 pergamus.
748 3345 825 3420 Hac·
844 3347 1051 3422 volubilium
1076 3336 1213 3426 casuum

243 3443 379 3518 diritate
398 3447 495 3520 exitu.
506 3450 662 3526 lucltroso
675 3447 791 3544 linita,
807 3456 973 3556 obituque
991 3461 1211 3536 intervallato
1233 3480 1237 3486 ’

244 3553 345 3630 brevi
360 3572 514 3655 tempore
528 3560 739 3659 Principum,
753 3587 901 3664 corpore
915 3588 1034 3642 curato
1048 3571 1211 3661 defundi,

243 3667 411 3768 missoque
435 3669 802 3773 Constantinopolim,
823 3699 861 3752 ut
877 3679 965 3754 inter
979 3683 1209 3781 Augustorum
1263 3734 1274 3855 p
