2775 4284
174 192 178 199 ¹
218 342 224 360 ,
292 252 468 327 ¹neuun
495 180 754 353 casinuuu
775 251 860 369 rus.
885 251 1029 327 xxvu.
1083 199 1148 352 ri3

181 413 303 516 giones
321 414 464 491 instituit
479 412 674 503 universas,
694 439 774 488 cum
793 414 949 490 aviditati
963 415 1153 489 multorum

186 553 230 601 ex
249 526 389 600 libidine
408 526 550 601 trutinas
568 527 852 623 componentium
869 528 1009 602 occurri
1028 528 1156 627 nequi·

120 635 124 641 ’
185 654 249 712 ret.
265 641 303 713 ln
323 636 556 711 examinandis
570 660 659 711 vero
677 637 792 712 litibus
804 657 883 726 anre
896 639 983 711 alios
996 637 1032 710 id
1044 637 1155 736 impe-

185 746 309 837 travit,
334 748 432 845 quod
453 746 624 822 laudando
647 749 791 821 Brutum
813 748 947 821 Tullius
969 747 1092 834 refert,
1113 764 1154 821 ut

130 868 137 889 ‘
186 882 265 933 curn
281 856 374 931 nihil
395 858 438 931 ad
459 856 600 955 gratiam
623 856 771 947 faceret,
791 857 907 950 omnia
924 881 1036 933 tamen
1058 880 1154 992 grata

98 1008 109 1021 κ
186 967 387 1043 viderentur
400 968 486 1056 elle,
499 994 577 1067 quae
597 967 800 1053 faditabat'
1080 1032 1083 1038 .

167 1120 170 1128 v
206 1076 281 1185 X.
294 1078 363 1151 Sub
373 1077 463 1151 idem
475 1076 545 1151 fere
557 1098 689 1176 tempus
703 1077 1155 1176 Valentinianoadexpedi·

187 1150 318 1268 tionem
330 1207 449 1281 caute,
462 1209 500 1264 ut
512 1189 662 1281 rebatur,
674 1190 832 1288 profesto
845 1245 859 1280 ,
874 1190 1083 1263 Alamannus
1096 1212 1156 1262 re·

119 1319 125 1333 ·
161 1320 166 1333 ¹
185 1298 270 1397 galis
282 1301 405 1377 Rando
423 1301 566 1376 nomine
579 1357 590 1392 ,
602 1302 661 1375 diu
674 1303 898 1399 madmena,
916 1295 1019 1409 quod
1024 1301 1155 1400 cogita·

186 1409 543 1511 bar,Mogontiacum
558 1413 882 1509 praefidiisvaeunrn
895 1438 974 1489 eum
986 1410 1156 1508 expeditis
1244 1397 1248 1412 ’

186 1518 229 1591 ad
239 1518 507 1598 latrocinandum
521 1522 665 1595 latenter
677 1522 820 1620 irreplit.
834 1524 876 1595 Et
888 1520 1054 1619 qnoniam
1075 1516 1156 1593 casu

135 1714 138 1724 Ι
185 1626 366 1702 Christiani
384 1629 470 1707 ritus
489 1629 624 1705 invenit
636 1630 800 1707 celebrari
812 1627 1157 1717 solemnitatem,im·

109 1758 119 1779 ⁸
187 1738 373 1831 praepedire
384 1737 642 1837 cujusquemodi
664 1736 1156 1832 forrunaevirile&tnuliebre
1171 1778 1187 1789 ·

153 1882 158 1890 ·
187 1841 283 1939 secus
297 1873 373 1924 cum
392 1850 587 1947 supelledili
604 1853 678 1925 noir
691 1848 1031 1947 parva'indefensum
1045 1848 1155 1946 abdu-

187 1958 251 2029 xit.
270 1958 382 2033 Parvo
395 1958 475 2032 inde
497 1959 574 2059 poll
595 1958 780 2059 intervallo
797 1958 940 2053 inopina
955 1958 1003 2030 rei
1023 1958 1156 2029 Roma-

186 2090 241 2139 nae
251 2067 339 2164 spes
362 2067 533 2143 laetiorum
559 2066 689 2145 affullit.
713 2070 801 2143 Cum
823 2066 915 2140 enim
940 2062 1156 2139 Vithicabius

187 2199 250 2247 rex
262 2175 467 2251 Vadomarii
486 2174 577 2252 filius
590 2174 731 2273 ,specie
752 2174 891 2274 quidem
906 2173 1102 2278 molliculus
1115 2174 1157 2250 δι

186 2284 397 2468 pporbosus,
384 2285 481 2376 ,sed
503 2288 614 2361 audax
643 2288 683 2363 &
706 2285 831 2387 fortis,
854 2284 1030 2362 ardores
1021 2311 1057 2360 in
1089 2310 1159 2361 nos

203 2420 318 2494 emper
341 2397 559 2478 succenderet
579 2398 723 2471 bellicos
734 2423 867 2495 o,pera
882 2386 1098 2473 navabatur
1087 2426 1157 2474 rm
1241 2480 1264 2497 Ι

188 2504 353 2601 penfior,
376 2523 421 2576 ut
438 2504 590 2602 qualibet
611 2508 833 2589 occumberet
856 2508 972 2606 strage.
999 2514 1042 2585 Et
1074 2511 1158 2609 qnia

184 2631 339 2688 tentatus
372 2614 556 2712 aliquoties
581 2615 681 2691 nullo
706 2641 831 2715 genere
861 2618 977 2715 potuit
1007 2619 1157 2717 superari

188 2724 247 2799 vel
266 2723 393 2821 prodi,
416 2724 533 2801 fraude
541 2727 725 2809 citerioris
747 2730 831 2805 vitae
854 2727 1022 2818 ministri,
1044 2721 1159 2803 studio

183 2815 389 2910 'sollicitante
407 2836 603 2911 nostrorum
618 2838 808 2914 occubuit:
828 2835 924 2933 cujus
942 2781 1022 2936 poll
1035 2863 1156 2912 necem
1219 2930 1224 2940 ι
1310 2894 1315 2914 ,

80 2964 82 2969 ’
186 2943 400 3043 aliquatenus
424 2946 560 3024 hostiles
582 2964 744 3045 torpuere
757 2947 932 3023 discursus.
953 2947 1157 3023 lnrerfeuor

189 3071 303 3129 tamen
325 3084 394 3156 pre
411 3076 506 3137 metu
519 3084 723 3156 poenarum,
735 3084 818 3157 quas
832 3055 1035 3150 lrerebatur,
1054 3059 1157 3157 lipa-

190 3164 303 3241 ruillet
315 3170 504 3269 negotium,
514 3171 556 3245 ad
564 3173 760 3259 Romanum
768 3170 879 3246 lolum
891 3168 923 3243 se
933 3170 1034 3245 celeri
1047 3170 1157 3245 trans*
1241 3162 1244 3166 ’
1339 3185 1342 3194 ’

190 3277 269 3349 tulit
289 3281 404 3377 gradu.
424 3283 605 3357 Parabatur
629 3281 707 3380 post
735 3284 810 3355 hare
829 3280 1042 3356 ‘lentioribus
1062 3281 1156 3355 curis

189 3390 303 3484 &per
320 3392 436 3489 copias
453 3392 680 3469 multiformes
697 3392 735 3466 in
754 3382 965 3467 Alamannos
978 3392 1156 3489 expeditio

93 3530 95 3535 ¹
191 3500 301 3577 solitis
327 3502 497 3602 gravior,
520 3504 717 3579 destinatius
736 3504 772 3577 id
794 3503 931 3602 publiea
954 3504 1059 3578 tutela
1089 3530 1156 3601 po-
1191 3498 1197 3517 '

189 3610 324 3700 scente,
343 3611 508 3711 quoniam
527 3615 723 3712 reparabilis
734 3615 843 3714 gentis
856 3634 971 3689 motus
985 3615 1155 3689 timeban-

188 3740 244 3797 tur
267 3718 388 3800 intidi:
410 3718 517 3799 milite
540 3723 763 3804 nihilominus
778 3723 944 3812 accenso,
961 3724 1016 3798 cui
1035 3724 1084 3800 ob
1099 3723 1154 3799 su·
