2775 4284
156 225 166 268 l

94 339 103 355 ι
143 271 172 368 (s)

325 301 490 386 RERUM
512 281 766 388 GESTnRUM
786 310 867 385 LIB.
887 297 1019 402 XXVI.
1062 320 1066 327 ‘
1107 337 1151 408 7²
1218 355 1221 359 -

194 468 340 564 incerta,
354 475 522 576 nulloque
538 503 653 553 errore
672 477 832 576 deinceps
852 476 1053 550 obumbrata
1066 472 1156 546 ratio

194 586 339 660 coelestis
351 607 519 686 appareat,
536 591 710 666 &menses
723 609 879 688 tempora
891 588 1058 663 retineant
1070 611 1157 683 prae-

193 684 315 769 llituta.
348 700 429 774 Haec
459 700 614 772 nondum
639 694 784 773 extentis
814 697 920 795 susim,
941 696 1070 794 regnis,
1097 693 1156 765 diu

191 798 392 900 ignoravere
409 810 727 906 Romani‚=perque
749 807 859 882 secula
877 807 984 882 multa
1003 803 1155 878 obscuris
1216 885 1225 901 ,

192 909 444 991 difficultatibus
466 905 628 1014 implicati
635 913 749 1006 ,tunc
764 918 870 1014 magis
890 941 1046 998 errorum
1069 935 1156 1010 pto·
1243 963 1246 975 .

192 1016 296 1094 funda
310 1024 692 1124 caliginefludluabant‚
707 1050 785 1099 cum
800 1025 838 1097 in
852 1023 1040 1097 sacerdotes
1055 1036 1156 1118 pote·

191 1129 307 1206 statem
319 1135 556 1223 transtulissent
567 1136 789 1211 intercalandi
802 1164 811 1210 ε
825 1135 885 1233 qui
897 1135 1040 1206 licenter
1052 1128 1168 1229 grati-⁴
1253 1141 1259 1191 ἱ

190 1236 328 1316 ficantes
347 1246 607 1343 publicanorum
630 1247 688 1323 vel
710 1248 915 1347 litigantium
938 1241 1155 1331 commodiS,

190 1351 232 1422 ad
247 1353 421 1429 arbitrium
438 1357 533 1430 suum
548 1357 789 1431 subtrahebant
808 1375 963 1455 tempora
982 1353 1039 1426 vel
1051 1375 1156 1448 auge·

189 1459 286 1536 bant
310 1465 458 1564 Hocque
480 1491 524 1539 ex
540 1485 667 1564 coepto
689 1464 898 1542 emerserunt
910 1462 975 1534 alia
990 1460 1156 1560 plurima,

188 1594 266 1672 quae
285 1571 464 1669 fallebant,
490 1601 638 1675 quotum
657 1574 848 1651 meminisse
874 1598 967 1646 nunc
990 1572 1155 1670 superva-

189 1704 293 1756 cuum
308 1703 405 1781 puto.
425 1688 562 1780 Quibus
574 1687 731 1788 abolitis,
744 1686 953 1762 ottavianus
970 1682 1154 1782 Augustus,
1228 1693 1234 1701 “

189 1791 334 1865 Grecos
352 1795 504 1886 secutus,
517 1797 605 1872 banc
625 1796 889 1870 inconstantiam
913 1795 1065 1871 corcella
1084 1812 1159 1865 tur-

188 1899 329 1974 batione
355 1905 567 2002 composuit,
587 1905 701 2001 spatiis
723 1905 906 1978 duodecim
929 1904 1093 1976 mendum
1117 1905 1157 1975 δι
1216 1963 1249 1989 ,,

189 2007 246 2082 sex
272 2012 435 2096 horarum
468 2038 590 2112 magna
617 2013 862 2088 deliberatione
886 2012 1038 2088 colledlis
1060 2039 1071 2085 r
1097 2036 1158 2108 pet·
1220 2082 1223 2088 ,
1314 2054 1317 2059 «
1384 1968 1385 2019 l

187 2145 264 2219 quae
276 2123 459 2198 duodecim
472 2122 615 2200 siderum
630 2123 804 2200 domicilia
815 2125 867 2198 sol
879 2123 1066 2199 discurrens
1080 2146 1156 2194 mo·
1248 2152 1252 2160 ¹

101 2313 103 2318 ,
123 2261 145 2288 -·
189 2230 279 2303 tibus
295 2230 527 2330 sempiternis,
542 2233 624 2326 anni
642 2233 750 2308 totius
771 2234 949 2309 intervalla
969 2232 1156 2340 concludit.
1185 2275 1188 2281 -

189 2341 303 2432 Quam
328 2344 495 2416 rationem
520 2344 654 2419 bissexti
677 2345 877 2443 probatam,
894 2344 994 2418 etiam
1021 2343 1156 2437 vislura

190 2445 269 2524 cum
290 2451 409 2552 seculis
428 2456 540 2528 Roma
561 2443 761 2549 adjumento
781 2454 928 2528 numinis
951 2455 1062 2529 divini
1075 2453 1156 2529 fun·
1203 2501 1206 2509 -

188 2561 294 2640 davit.
319 2563 467 2638 Proinde
485 2589 667 2664 pergamus·
681 2567 724 2637 ad
742 2566 883 2663 reliqua.

190 2665 193 2672 ⁴
239 2673 278 2746 ll,
299 2672 423 2770 Elapso
442 2673 497 2748 die
517 2699 636 2771 parurn
652 2693 735 2772 apto
753 2676 796 2747 ad
812 2675 1022 2763 inchoandas
1041 2701 1156 2769 renim

188 2783 459 2882 magnitudines,
474 2804 512 2859 ut
524 2785 659 2884 quidam
675 2785 866 2858 existimant
875 2841 889 2876 ,
903 2785 1160 2881 propinquante
1211 2866 1216 2877 q

188 2892 256 2990 jam
272 2892 410 2989 vespera
433 2895 567 2967 monitu
581 2895 731 2992 praesedi
749 2895 891 2978 Sallustii
907 2894 967 2967 sub
985 2894 1081 2966 exitii
1095 2894 1157 2965 de·

189 3001 406 3076 nuntiatione
431 3003 586 3076 slatutum
609 3005 655 3077 esl
672 3023 806 3101 promta
830 3003 1051 3078 consensione
1069 3030 1158 3077 cun·
1210 3052 1214 3056 ·
1293 3062 1306 3085 a

190 3112 345 3204 diorum,
357 3139 400 3185 ne
416 3114 562 3210 potioris
582 3114 758 3212 quisquam
778 3115 1008 3223 autoritatis,
1024 3114 1081 3189 vel
1101 3113 1159 3186 su·

191 3222 320 3318 spedus
343 3225 464 3299 altiora
488 3225 622 3314 conari,
645 3227 846 3323 procederet
864 3226 1024 3325 postridie
1047 3251 1157 3299 mane.

121 3347 124 3350 ’
191 3333 348 3430 Cumque
370 3337 555 3410 multorum
577 3337 806 3434 taedio,quos
827 3356 993 3410 votor-um
1014 3335 1158 3408 ina'nitas

193 3441 388 3531 cruciabat,
408 3447 546 3536 tandem
571 3443 790 3520 finitanosle
808 3445 870 3518 lux
889 3444 1074 3518 advenisset
1090 3472 1099 3514 ε
1114 3445 1157 3566 jn

190 3571 298 3620 unum
318 3547 459 3646 quaestto
482 3554 588 3628 milite
608 3558 724 3644 omni,
739 3555 932 3654 progressus
952 3555 1159 3627 Valennma·
1247 3596 1274 3607 ν

142 3717 148 3732 ,
192 3683 256 3732 nus
279 3659 315 3731 in
339 3685 517 3758 campum,
541 3666 782 3763 permissusque
804 3667 953 3740 tribunal
979 3665 1158 3738 ascendere

191 3767 308 3846 celsius
321 3767 475 3846 strnunm
482 3825 494 3865 ‚
505 3773 727 3869 comitiorum
738 3773 869 3874 specie,
880 3777 1060 3851 voluntate
1073 3785 1159 3871 pr‘ae·

874 3890 943 3980 Et
