2775 4284
931 109 941 146 Ι

326 236 492 376 RERUbs
514 297 770 374 GESTARUM
795 299 873 374 LIB.
897 297 1013 372 XXV.
1092 300 1144 394 ’49

181 465 220 538 &
241 438 454 550 turmarum,
480 460 579 556 super
609 460 759 534 creando
788 461 960 557 Principe
972 459 1147 535 consulta·

172 575 271 654 ,bant
288 572 488 670 Discissique
500 572 615 644 studiis
635 572 860 663 turbulentis,
878 571 1090 666 Arinthaeus,
1108 549 1153 648 δι
1221 619 1224 625 -

181 683 324 770 victor,
340 683 378 755 δι
392 704 410 751 e
424 681 551 775 palatio
563 679 756 754 Constantii
773 678 915 765 residui,
926 679 969 751 de
979 699 1081 776 parte
1089 684 1147 759 sua

116 823 120 828 ⁴
181 789 509 889 quendam‘ghabilem
528 790 777 864 scrutabantur·
797 805 916 864 contra
917 785 1098 881 Nevitta,
1109 797 1149 870 δι
1245 837 1262 850 „
1356 809 1367 891 ζ,

125 949 134 966 ι
181 900 436 1012 Dagalaiphus‚
451 897 677 996 proceresque
694 897 897 988 Gallorum,
917 901 1030 974 virum
1045 901 1148 976 talem
1178 953 1181 959 -
1267 933 1274 959 ¹

182 1038 228 1087 ex
254 1009 459 1086 commilitio
481 1010 542 1082 suo
573 1008 807 1108 quaeritabant.
830 1011 921 1102 Quae
941 1009 1022 1082 dum
1044 1012 1152 1085 ambi·

185 1131 337 1218 guntur,
362 1119 452 1192 nulla
476 1137 628 1192 variante
644 1117 834 1207 sententia
851 1137 936 1190 itum
951 1116 999 1189 est
1022 1119 1153 1193 volun·
1251 1146 1256 1157 ¹

185 1248 253 1302 tate
268 1228 430 1303 omnium
453 1228 488 1300 in
509 1227 723 1300 Sallustium:
741 1251 852 1325 eoque
868 1226 1034 1301 'causante
1049 1255 1154 1314 mor·
1204 1285 1208 1321 ,

182 1341 250 1415 bos
264 1343 302 1415 δι
314 1340 513 1425 seneslutern
530 1394 541 1429 ‚
556 1334 764 1414 honoratior
780 1340 902 1441 aliquis
923 1341 1018 1412 miles
1033 1341 1154 1414 adver·

39 1528 47 1548 x
132 1465 137 1470 '
186 1469 262 1524 tens
275 1447 467 1523 destinatius
480 1452 698 1526 reluslantem
712 1478 721 1524 ι
737 1456 872 1547 Ecquid
887 1455 1014 1547 ageretis
1027 1505 1038 1536 ,
1051 1452 1110 1543 ait,
1118 1453 1157 1554 st-

187 1567 274 1636 illud
294 1563 406 1635 bellum
434 1568 523 1635 vobis
549 1569 721 1635 curandum
747 1559 937 1662 cornmfflffet
960 1563 1094 1656 absens,
1119 1589 1157 1636 ur

180 1673 265 1768 sepe
277 1675 401 1764 fisclum
424 1679 485 1778 est,
506 1679 825 1772 Imperar0r2rr0nne
840 1676 1026 1774 posthabitis
1053 1682 1156 1747 cereris

192 1787 321 1852 militem
342 1785 530 1883 instantibus
548 1790 695 1857 arumnis
706 1791 856 1878 eriperetis
866 1790 885 1854 ‚2
896 1791 941 1856 Id
953 1815 1036 1859 nunc
1050 1790 1158 1883 agite?

193 1885 277 1990 &1st
291 1894 574 1986 Mesopotamiam
572 1899 676 1964 videre
696 1897 841 1980 licuerit,
864 1897 1020 1987 utriusque
1034 1902 1160 1967 exerci-
1257 1913 1260 1926 '

192 2023 245 2071 tus
259 2001 436 2096 consociata
448 1998 613 2122 suffragia
636 2004 806 2095 legitimum
820 2004 1004 2096 Principem
1020 2011 1160 2076 declara·

192 2113 282 2184 bunt.
301 2111 393 2181 Inter
406 2107 611 2205 haseuiguas
625 2107 667 2179 ad
688 2126 813 2179 tantam
836 2133 906 2180 retn
921 2134 1051 2202 moras,
1066 2137 1165 2184 non-

178 2219 274 2292 -dum
295 2217 439 2313 pensatis
455 2216 646 2307 sententiis,
661 2214 944 2294 tumultuantibus
964 2222 1102 2316 paucis,
1121 2244 1161 2300 ut
1240 2244 1246 2254 '

193 2328 231 2402 in
249 2327 347 2400 rebus
365 2327 522 2408 extremis
538 2325 623 2420 saepe
646 2323 692 2397 esl
712 2323 833 2398 fadum
849 2379 860 2414 ,
874 2326 1040 2402 Iovianus
1063 2331 1165 2430 eligis
1196 2386 1201 2403 ,
1230 2390 1235 2399 ι
1339 2378 1348 2386 „

195 2457 254 2511 tur
271 2442 480 2534 lmperator‚
497 2433 759 2506 domesticorum
780 2435 911 2507 ordinis
927 2435 1081 2531 primus,
1099 2467 1163 2537 pa.

98 2610 102 2625 ,
196 2547 304 2620 ternis
338 2543 466 2617 meritis
500 2540 720 2616 mediocriter
752 2540 1042 2619 commendabilis.
1081 2549 1163 2621 Erat
1216 2533 1227 2559 χ

198 2659 289 2731 enim
309 2652 515 2727 Varroniani
536 2650 699 2723 notissimi
723 2648 858 2725 comitis
872 2647 979 2738 silius,
996 2652 1164 2728 hauddu·
1208 2736 1211 2747 Δ

199 2769 286 2840 dum
296 2763 372 2862 post
385 2755 575 2860 depositum
590 2759 720 2832 militia
732 2785 855 2832 munus
867 2759 909 2831 ad
927 2763 1166 2860 tranquilliora

200 2879 285 2951 vitae
304 2878 446 2976 digresli.
461 2881 502 2949 Et
516 2873 693 2949 confestim
712 2872 918 2948 indumentis
938 2874 1165 2955 circumdatus

200 2986 464 3085 principalibus,
483 2984 665 3081 subitoque
684 2983 902 3079 produsiuse
922 2984 1167 3080 tabernaculo,

202 3121 262 3196 per
284 3092 415 3192 agmina
436 3092 502 3190 jam
523 3091 727 3192 discurrebat
751 3090 919 3189 proficisci
942 3096 1101 3191 parantia.
1122 3102 1166 3172 Et

189 3206 366 3302 -quoniam
389 3204 477 3278 acies
498 3203 642 3302 adusque
662 3203 807 3300 lapidem
830 3227 985 3303 quartum
1010 3211 1169 3309 porrige·
1225 3251 1235 3257 ·

204 3313 552 3413 batur,antes1gnani
570 3313 732 3414 quosdam
753 3314 896 3387 clamare
911 3317 1095 3391 bovianum
1109 3346 1171 3393 au·
1201 3313 1209 3322 ’

206 3423 334 3496 dientes
349 3425 558 3521 Augustum
584 3426 701 3496 eadem
726 3424 837 3497 multo
858 3425 962 3547 magis
986 3426 1175 3535 sonabantt
1265 3502 1267 3509 ,

207 3532 393 3631 gentilitate
410 3534 500 3604 enim
522 3557 630 3630 prope
654 3533 774 3628 perciti
795 3533 968 3622 nominis,
986 3537 1080 3634 quod
1101 3563 1169 3609 una

206 3643 302 3718 litera
316 3640 538 3732 discernebat,
550 3643 719 3716 Iulianum
733 3661 917 3719 recreatum
931 3645 1083 3723 arbitrati
1096 3647 1171 3722 sunt

135 3845 140 3849 ⁵
218 3829 220 3836 ,
250 3759 423 3846 ΙΑιιιιιιιίιιι.
442 3757 622 3839 Marcellin.
645 3760 719 3831 Vol.
734 3760 782 3834 sl.
858 3771 862 3778 '
1003 3755 1043 3828 D
