2775 4284
192 237 196 243 ’
283 268 450 350 aeuuu
474 226 831 355 ossrtuuuua.
856 196 1018 344 riuti.
1060 272 1135 345 '161
1218 363 1220 372 Α

168 435 349 535 quisquam
365 460 484 509 eorum
506 434 663 531 genitales
680 432 828 506 revisere
848 432 962 530 potuit
981 433 1082 523 lares,
1099 458 1142 508 ne

169 574 247 623 uno
262 550 397 647 quidem
411 545 558 622 caedibus
568 547 872 643 ‘concorporalium
886 545 1050 641 superesse
1065 574 1142 644 per·

170 661 285 735 misso.
308 664 359 733 Ac
377 660 456 733 licet
473 656 577 753 justus
592 658 730 755 quidam
748 658 873 731 arbiter
888 680 1001 729 rerum
1019 654 1145 739 sadum

169 758 346 871 incusabit
360 766 525 866 perfidum
545 772 582 841 dt
601 766 755 840 deforme
771 764 933 864 :pensato
952 789 1064 837 tamen
1083 792 1145 837 ne·
1247 765 1257 858 j
1284 753 1288 760 ’

172 878 277 977 gotio
299 904 371 951 non
390 878 477 951 'feret
493 876 651 975 indigne,
673 898 812 948 manum
832 876 1003 949 latronum
1023 876 1146 948 exitia·
1206 875 1209 881 ’

171 991 245 1062 lem
265 990 402 1062 tandem
423 988 524 1085 copia
546 988 620 1059 data
643 1008 787 1083 captam.
812 986 890 1058 Post
904 984 976 1060 hac
999 984 1045 1059 ita
1063 1012 1146 1083 pro·

73 1110 84 1139 l
173 1099 273 1197 spere
290 1098 538 1187 consummata,
552 1097 813 1170 Valentinianus
828 1097 995 1170 versando
1008 1092 1146 1170 senten·

174 1211 241 1284 tias
265 1209 510 1301 multiformes,
528 1212 630 1282 anxia
646 1207 875 1281 sollicitudine
900 1207 1146 1307 stringebatur:

172 1338 340 1415 reputans
353 1320 458 1391 multa
475 1324 512 1395 dt
527 1317 819 1415 circumspiciens,
833 1318 958 1415 quibus
971 1344 1147 1392 cummen-

174 1427 223 1499 tis
237 1426 506 1502 Alamannorum
519 1429 556 1500 &
566 1427 731 1501 Macriani
745 1425 831 1523 regis
844 1425 1012 1523 frangeret
1025 1425 1148 1519 fastus,

68 1615 71 1627 ¹
176 1539 250 1611 srne
271 1536 338 1607 tine
354 1536 412 1609 vel
433 1537 540 1609 modo
557 1560 629 1608 rem
652 1538 843 1608 Romanam
866 1536 1057 1635 irrequietis
1071 1543 1166 1609 mo?

174 1647 272 1719 tibus
286 1645 546 1720 confundentes.
568 1644 728 1718 Immanis
741 1644 834 1716 enim
857 1644 1050 1739 natio,jam
1068 1645 1149 1719 inde

176 1756 226 1827 ‘ab
241 1754 455 1827 incunabulis
479 1752 595 1849 primis
613 1752 776 1827 varietate
791 1747 928 1824 casuum
948 1750 1149 1845 imminuta,
1163 1800 1167 1809 -

180 1864 230 1937 ita
244 1861 363 1957 saepius
377 1862 560 1951 adolescit,
575 1880 613 1932 ut
633 1860 729 1940 fuisse
750 1860 861 1957 longis
874 1860 990 1932 seculis
1005 1862 1150 1954 aestime·

178 1992 241 2047 tur
257 1971 392 2043 intasla.
416 1970 574 2067 Seditque
594 1968 734 2042 consilia
748 1967 813 2039 alia
828 1966 904 2063 post
922 1967 986 2039 alia
1002 1971 1151 2064 Impera·

180 2080 254 2157 tori
267 2078 448 2176 probanti,
463 2075 679 2176 Burgundios
691 2077 728 2149 in
747 2101 867 2149 eorum
880 2076 1020 2150 excitari
1038 2079 1154 2173 pe'rni-

179 2191 295 2277 ciem,
310 2188 493 2261 bellicosos
512 2185 661 2283 &pubis
679 2184 851 2257 immensae
867 2185 999 2259 viribus
1015 2184 1153 2261 affluen-

175 2284 420 2402 'sessideoqpe
433 2296 636 2370 metuendos
655 2291 809 2368 finitimis
826 2295 1003 2372 universas.
1017 2299 1152 2402 Scribe·

181 2414 311 2507 batque
331 2406 525 2503 frequenter
548 2408 590 2479 ad
610 2428 731 2477 eorum
755 2430 851 2502 reges
876 2431 937 2502 per
965 2404 1154 2483 taciturnos

179 2510 348 2615 quosdam
365 2509 509 2587 &fidos
520 2563 531 2600 ,
544 2530 583 2583 ut
595 2512 712 2583 iisdem
724 2531 879 2607 tempore
894 2512 1082 2607 praestituto
1097 2516 1154 2588 su·-

183 2625 429 2726 pervenirent,
454 2622 630 2717 pollicitus
648 2622 719 2719 ipse
749 2647 890 2721 quoque
911 2625 1053 2696 transito
1076 2650 1155 2699 cum
1218 2642 1246 2652 ”

184 2734 353 2813 Romanis
365 2732 553 2830 agminibus
566 2735 692 2806 Rheno
710 2755 893 2805 occurrere
906 2734 1054 2830 pavidis,
1067 2759 1156 2832 pon·

183 2850 253 2921 dus
270 2834 444 2943 dimotum
455 2873 457 2887 ¹
469 2842 655 2917 vitantibus
669 2843 885 2939 insperatum.
904 2847 1086 2917 Gratanter
1100 2869 1157 2920 ra·
1188 2928 1197 2939 N

183 2957 286 3028 tione
299 2956 431 3050 gemina
447 2951 614 3048 Principis
629 2972 777 3048 accepta
793 2953 868 3027 sunt
882 2952 988 3025 liter'ae
1002 2980 1011 3027 a
1026 2956 1157 3051 prima,

184 3066 287 3163 quod
302 3064 368 3156 jam
388 3063 466 3135 inde
487 3063 698 3159 temporibus
715 3062 849 3160 priscis,
871 3062 1025 3137 sobolem
1037 3066 1075 3137 se
1092 3067 1158 3139 esse
1274 3110 1277 3113 -

189 3180 382 3250 Romanam
398 3174 582 3273 Btrrgundii
606 3174 735 3246 sciunt:
751 3172 851 3263 dein,
870 3176 964 3272 quod
982 3174 1158 3252 salinarum
1179 3187 1180 3190 ’
1210 3209 1213 3217 ·

189 3274 380 3384 finiumque
397 3284 493 3356 causa
509 3284 706 3354 Alamannis
727 3283 813 3379 saepe
828 3282 1017 3384 jurgabant.
1036 3294 1080 3362 Et
1100 3312 1160 3363 ca-

190 3403 307 3466 teruas
329 3390 446 3465 misere
471 3390 677 3463 lettiffimas:
702 3416 803 3489 quae,
829 3411 1007 3491 antequam
1035 3400 1159 3473 milites
1196 3471 1199 3475 ,

193 3517 483 3599 congregarentur
496 3499 532 3571 in
553 3525 677 3589 unum,
692 3501 841 3599 adusque
855 3504 943 3600 ripas
956 3506 1066 3579 Rheni
1079 3533 1160 3605 pro·
1264 3506 1267 3510 ’

187 3617 334 3715 gressa,
348 3618 552 3709 Imperatore
570 3616 610 3685 ad
636 3614 791 3687 struenda
816 3620 1026 3692 munimenta
1051 3622 1162 3694 distri·

193 3725 414 3819 ct0‚-‘rerrori
437 3723 559 3797 nostris
579 3722 670 3795 suere
690 3728 748 3798 vel
764 3724 922 3801 maximo.
950 3730 1056 3826 Igitur
1076 3756 1161 3829 paus

243 3843 411 3913 Amrrriun.
435 3843 615 3913 Marcellin.
638 3845 708 3914 Vol.
726 3847 772 3917 II.
1007 3848 1033 3915 L
