<?xml version="1.0" encoding="UTF-8"?>
<!DOCTYPE html PUBLIC "-//W3C//DTD XHTML 1.0 Transitional//EN"
    "http://www.w3.org/TR/xhtml1/DTD/xhtml1-transitional.dtd">
<html xmlns="http://www.w3.org/1999/xhtml" xml:lang="en" lang="en">
 <head>
  <title>
</title>
<meta http-equiv="Content-Type" content="text/html;charset=utf-8" />
  <meta name='ocr-system' content='tesseract 3.04.00' />
  <meta name='ocr-capabilities' content='ocr_page ocr_carea ocr_par ocr_line ocrx_word'/>
</head>
<body>
  <div class='ocr_page' id='page_1' title='image "ammianimarcelli00ernegoog_0069.png"; bbox 0 0 2775 4284; ppageno 0'>
   <div class='ocr_carea' id='block_1_1' title="bbox 250 226 1217 367">
    <p class='ocr_par' dir='ltr' id='par_1_1' title="bbox 250 226 1217 367">
     <span class='ocr_line' id='line_1_1' title="bbox 250 226 1217 367; baseline -0.02 -21"><span class='ocrx_word' id='word_1_1' title='bbox 250 275 299 362; x_wconf 77' lang='lat'><strong>⁴4</strong></span> <span class='ocrx_word' id='word_1_2' title='bbox 398 226 660 356; x_wconf 73' lang='lat' dir='ltr'><strong>irruitur</strong></span> <span class='ocrx_word' id='word_1_3' title='bbox 697 239 1072 367; x_wconf 72' lang='lat' dir='ltr'><strong>uinceretur</strong></span> <span class='ocrx_word' id='word_1_4' title='bbox 1114 250 1151 322; x_wconf 83' lang='grc'><strong>·.</strong></span> <span class='ocrx_word' id='word_1_5' title='bbox 1213 250 1217 262; x_wconf 86' lang='grc'><strong><em>·</em></strong></span> 
     </span>
    </p>
   </div>
   <div class='ocr_carea' id='block_1_2' title="bbox 167 409 1377 3839">
    <p class='ocr_par' dir='ltr' id='par_1_2' title="bbox 248 409 1219 525">
     <span class='ocr_line' id='line_1_2' title="bbox 248 409 1219 525; baseline -0.003 -23"><span class='ocrx_word' id='word_1_6' title='bbox 248 409 395 502; x_wconf 86' lang='lat' dir='ltr'><strong>nimium</strong></span> <span class='ocrx_word' id='word_1_7' title='bbox 417 409 626 525; x_wconf 81' lang='lat' dir='ltr'><strong>properans,</strong></span> <span class='ocrx_word' id='word_1_8' title='bbox 643 427 801 501; x_wconf 87' lang='lat' dir='ltr'><strong>exornari</strong></span> <span class='ocrx_word' id='word_1_9' title='bbox 822 426 1015 525; x_wconf 87' lang='lat' dir='ltr'><strong>sepulcrum</strong></span> <span class='ocrx_word' id='word_1_10' title='bbox 1031 425 1142 507; x_wconf 85' lang='lat' dir='ltr'><strong>slatuit</strong></span> <span class='ocrx_word' id='word_1_11' title='bbox 1156 429 1219 502; x_wconf 88' lang='lat' dir='ltr'><strong>Ju-</strong></span> 
     </span>
    </p>

    <p class='ocr_par' dir='ltr' id='par_1_3' title="bbox 208 537 1222 751">
     <span class='ocr_line' id='line_1_3' title="bbox 208 537 1218 636; baseline -0.002 -24"><span class='ocrx_word' id='word_1_12' title='bbox 208 575 211 588; x_wconf 42' lang='grc' dir='ltr'>ν</span> <span class='ocrx_word' id='word_1_13' title='bbox 249 538 332 612; x_wconf 84' lang='lat' dir='ltr'><strong>liani</strong></span> <span class='ocrx_word' id='word_1_14' title='bbox 344 589 355 625; x_wconf 86' lang='lat'><strong>,</strong></span> <span class='ocrx_word' id='word_1_15' title='bbox 377 538 413 610; x_wconf 93' lang='lat' dir='ltr'><strong>in</strong></span> <span class='ocrx_word' id='word_1_16' title='bbox 436 539 612 636; x_wconf 90' lang='lat' dir='ltr'><strong>pomoerio</strong></span> <span class='ocrx_word' id='word_1_17' title='bbox 634 537 733 610; x_wconf 78' lang='lat' dir='ltr'><strong>situm</strong></span> <span class='ocrx_word' id='word_1_18' title='bbox 756 537 908 633; x_wconf 70' lang='lat' dir='ltr'><strong>itineris,</strong></span> <span class='ocrx_word' id='word_1_19' title='bbox 926 539 1023 635; x_wconf 87' lang='lat' dir='ltr'><strong>quod</strong></span> <span class='ocrx_word' id='word_1_20' title='bbox 1045 538 1088 611; x_wconf 93' lang='lat' dir='ltr'><strong>ad</strong></span> <span class='ocrx_word' id='word_1_21' title='bbox 1109 537 1218 610; x_wconf 82' lang='lat' dir='ltr'><strong>Tauri</strong></span> 
     </span>
     <span class='ocr_line' id='line_1_4' title="bbox 248 642 1222 751; baseline -0.008 -29"><span class='ocrx_word' id='word_1_22' title='bbox 248 647 378 722; x_wconf 92' lang='lat' dir='ltr'><strong>montis</strong></span> <span class='ocrx_word' id='word_1_23' title='bbox 399 644 564 751; x_wconf 78' lang='lat' dir='ltr'><strong>angustias</strong></span> <span class='ocrx_word' id='word_1_24' title='bbox 581 643 701 719; x_wconf 89' lang='lat' dir='ltr'><strong>ducit:</strong></span> <span class='ocrx_word' id='word_1_25' title='bbox 722 643 817 738; x_wconf 81' lang='lat' dir='ltr'><strong>cujus</strong></span> <span class='ocrx_word' id='word_1_26' title='bbox 842 644 993 742; x_wconf 82' lang='lat' dir='ltr'><strong>suprema</strong></span> <span class='ocrx_word' id='word_1_27' title='bbox 1012 649 1050 720; x_wconf 90' lang='lat'>&amp;</span> <span class='ocrx_word' id='word_1_28' title='bbox 1068 642 1222 732; x_wconf 82' lang='lat' dir='ltr'><strong>cineres,</strong></span> 
     </span>
    </p>

    <p class='ocr_par' dir='ltr' id='par_1_4' title="bbox 196 741 1219 856">
     <span class='ocr_line' id='line_1_5' title="bbox 196 741 1219 856; baseline -0.004 -27"><span class='ocrx_word' id='word_1_29' title='bbox 196 779 198 788; x_wconf 84' lang='grc'><strong>’</strong></span> <span class='ocrx_word' id='word_1_30' title='bbox 249 756 357 855; x_wconf 80' lang='lat' dir='ltr'><strong>siqui</strong></span> <span class='ocrx_word' id='word_1_31' title='bbox 378 775 461 828; x_wconf 88' lang='lat' dir='ltr'><strong>tunc</strong></span> <span class='ocrx_word' id='word_1_32' title='bbox 486 752 570 849; x_wconf 85' lang='lat' dir='ltr'><strong>juste</strong></span> <span class='ocrx_word' id='word_1_33' title='bbox 595 741 810 843; x_wconf 88' lang='lat' dir='ltr'><strong>consuleret,</strong></span> <span class='ocrx_word' id='word_1_34' title='bbox 828 781 900 828; x_wconf 93' lang='lat' dir='ltr'><strong>non</strong></span> <span class='ocrx_word' id='word_1_35' title='bbox 927 748 1073 856; x_wconf 79' lang='lat' dir='ltr'>Cydnus</span> <span class='ocrx_word' id='word_1_36' title='bbox 1099 753 1219 827; x_wconf 86' lang='lat' dir='ltr'><strong>videre</strong></span> 
     </span>
    </p>

    <p class='ocr_par' dir='ltr' id='par_1_5' title="bbox 185 855 1292 1299">
     <span class='ocr_line' id='line_1_6' title="bbox 185 855 1219 962; baseline -0.008 -20"><span class='ocrx_word' id='word_1_37' title='bbox 185 873 188 878; x_wconf 64' lang='grc'>“</span> <span class='ocrx_word' id='word_1_38' title='bbox 250 869 413 954; x_wconf 86' lang='lat' dir='ltr'><strong>deberet,</strong></span> <span class='ocrx_word' id='word_1_39' title='bbox 438 862 597 961; x_wconf 84' lang='lat' dir='ltr'><strong>quamvis</strong></span> <span class='ocrx_word' id='word_1_40' title='bbox 625 863 826 962; x_wconf 79' lang='lat' dir='ltr'><strong>gratissimus</strong></span> <span class='ocrx_word' id='word_1_41' title='bbox 851 855 1021 941; x_wconf 83' lang='lat' dir='ltr'><strong>amnis&amp;</strong></span> <span class='ocrx_word' id='word_1_42' title='bbox 1048 863 1219 962; x_wconf 84' lang='lat' dir='ltr'><strong>liquidus:</strong></span> 
     </span>
     <span class='ocr_line' id='line_1_7' title="bbox 250 970 1221 1073; baseline -0.009 -19"><span class='ocrx_word' id='word_1_43' title='bbox 250 979 308 1054; x_wconf 87' lang='lat' dir='ltr'><strong>sed</strong></span> <span class='ocrx_word' id='word_1_44' title='bbox 329 979 372 1050; x_wconf 89' lang='lat' dir='ltr'><strong>ad</strong></span> <span class='ocrx_word' id='word_1_45' title='bbox 394 975 654 1073; x_wconf 75' lang='lat' dir='ltr'><strong>perpetuandam</strong></span> <span class='ocrx_word' id='word_1_46' title='bbox 675 975 819 1073; x_wconf 84' lang='lat' dir='ltr'>gloriam</span> <span class='ocrx_word' id='word_1_47' title='bbox 840 970 928 1049; x_wconf 78' lang='lat' dir='ltr'><strong>resle</strong></span> <span class='ocrx_word' id='word_1_48' title='bbox 946 977 1113 1051; x_wconf 65' lang='lat' dir='ltr'><strong>sariorum</strong></span> <span class='ocrx_word' id='word_1_49' title='bbox 1130 1001 1221 1071; x_wconf 83' lang='lat' dir='ltr'><strong>prae·</strong></span> 
     </span>
     <span class='ocr_line' id='line_1_8' title="bbox 252 1081 1222 1171; baseline -0.008 -9"><span class='ocrx_word' id='word_1_50' title='bbox 252 1085 451 1162; x_wconf 85' lang='lat' dir='ltr'><strong>terlambcre</strong></span> <span class='ocrx_word' id='word_1_51' title='bbox 469 1083 603 1158; x_wconf 87' lang='lat' dir='ltr'><strong>Tiberis</strong></span> <span class='ocrx_word' id='word_1_52' title='bbox 620 1083 823 1157; x_wconf 85' lang='lat' dir='ltr'><strong>intersecans</strong></span> <span class='ocrx_word' id='word_1_53' title='bbox 843 1085 960 1158; x_wconf 90' lang='lat' dir='ltr'><strong>urbem</strong></span> <span class='ocrx_word' id='word_1_54' title='bbox 976 1081 1153 1171; x_wconf 82' lang='lat' dir='ltr'><strong>aerernain,</strong></span> <span class='ocrx_word' id='word_1_55' title='bbox 1167 1082 1222 1154; x_wconf 88' lang='lat' dir='ltr'><strong>di·</strong></span> 
     </span>
     <span class='ocr_line' id='line_1_9' title="bbox 253 1194 1292 1299; baseline -0.009 -29"><span class='ocrx_word' id='word_1_56' title='bbox 253 1220 447 1299; x_wconf 78' lang='lat' dir='ltr'><strong>varumque</strong></span> <span class='ocrx_word' id='word_1_57' title='bbox 459 1214 613 1268; x_wconf 89' lang='lat' dir='ltr'><strong>veterum</strong></span> <span class='ocrx_word' id='word_1_58' title='bbox 624 1194 845 1268; x_wconf 89' lang='lat' dir='ltr'><strong>monumenta</strong></span> <span class='ocrx_word' id='word_1_59' title='bbox 857 1195 1101 1296; x_wconf 71' lang='lat' dir='ltr'><strong>praestringens.</strong></span> <span class='ocrx_word' id='word_1_60' title='bbox 1112 1194 1223 1268; x_wconf 88' lang='lat' dir='ltr'><strong>Dein·</strong></span> <span class='ocrx_word' id='word_1_61' title='bbox 1288 1244 1292 1261; x_wconf 85' lang='grc'><em>,</em></span> 
     </span>
    </p>

    <p class='ocr_par' dir='ltr' id='par_1_6' title="bbox 208 1302 1221 1400">
     <span class='ocr_line' id='line_1_10' title="bbox 208 1302 1221 1400; baseline -0.005 -20"><span class='ocrx_word' id='word_1_62' title='bbox 208 1382 211 1388; x_wconf 69' lang='grc'>,</span> <span class='ocrx_word' id='word_1_63' title='bbox 253 1309 295 1380; x_wconf 93' lang='lat' dir='ltr'><strong>de</strong></span> <span class='ocrx_word' id='word_1_64' title='bbox 315 1305 423 1378; x_wconf 80' lang='lat' dir='ltr'><strong>Tarso</strong></span> <span class='ocrx_word' id='word_1_65' title='bbox 451 1302 650 1400; x_wconf 76' lang='lat' dir='ltr'><strong>proseslus,</strong></span> <span class='ocrx_word' id='word_1_66' title='bbox 671 1306 816 1378; x_wconf 80' lang='lat' dir='ltr'><strong>extentis</strong></span> <span class='ocrx_word' id='word_1_67' title='bbox 837 1306 1013 1378; x_wconf 78' lang='lat' dir='ltr'><strong>itineribus</strong></span> <span class='ocrx_word' id='word_1_68' title='bbox 1036 1303 1133 1382; x_wconf 89' lang='lat' dir='ltr'><strong>venit</strong></span> <span class='ocrx_word' id='word_1_69' title='bbox 1154 1330 1221 1400; x_wconf 90' lang='lat' dir='ltr'><strong>op·</strong></span> 
     </span>
    </p>

    <p class='ocr_par' dir='ltr' id='par_1_7' title="bbox 228 1416 1261 1845">
     <span class='ocr_line' id='line_1_11' title="bbox 228 1416 1222 1520; baseline -0.001 -31"><span class='ocrx_word' id='word_1_70' title='bbox 228 1419 373 1520; x_wconf 73' lang='lat' dir='ltr'><strong>&lt;pidum</strong></span> <span class='ocrx_word' id='word_1_71' title='bbox 389 1416 616 1515; x_wconf 76' lang='lat' dir='ltr'><strong>Cappadocia:</strong></span> <span class='ocrx_word' id='word_1_72' title='bbox 638 1421 786 1517; x_wconf 81' lang='lat' dir='ltr'><strong>Tyana:</strong></span> <span class='ocrx_word' id='word_1_73' title='bbox 808 1419 866 1491; x_wconf 90' lang='lat' dir='ltr'><strong>ubi</strong></span> <span class='ocrx_word' id='word_1_74' title='bbox 892 1421 922 1492; x_wconf 83' lang='lat' dir='ltr'><strong>ei</strong></span> <span class='ocrx_word' id='word_1_75' title='bbox 942 1418 1068 1492; x_wconf 80' lang='lat' dir='ltr'><strong>reversi</strong></span> <span class='ocrx_word' id='word_1_76' title='bbox 1089 1419 1222 1492; x_wconf 83' lang='lat' dir='ltr'><strong>Proco-</strong></span> 
     </span>
     <span class='ocr_line' id='line_1_12' title="bbox 243 1524 1261 1636; baseline -0.004 -36"><span class='ocrx_word' id='word_1_77' title='bbox 243 1529 331 1626; x_wconf 78' lang='lat' dir='ltr'><strong>tpius</strong></span> <span class='ocrx_word' id='word_1_78' title='bbox 355 1524 564 1636; x_wconf 86' lang='lat' dir='ltr'><strong>notarius&amp;</strong></span> <span class='ocrx_word' id='word_1_79' title='bbox 584 1527 798 1600; x_wconf 86' lang='lat' dir='ltr'><strong>Memoridus</strong></span> <span class='ocrx_word' id='word_1_80' title='bbox 823 1528 978 1600; x_wconf 90' lang='lat' dir='ltr'><strong>tribunus</strong></span> <span class='ocrx_word' id='word_1_81' title='bbox 1008 1545 1222 1616; x_wconf 84' lang='lat' dir='ltr'><strong>occurrunt,</strong></span> <span class='ocrx_word' id='word_1_82' title='bbox 1258 1526 1261 1537; x_wconf 86' lang='grc'>’</span> 
     </span>
     <span class='ocr_line' id='line_1_13' title="bbox 256 1636 1259 1735; baseline 0.002 -27"><span class='ocrx_word' id='word_1_83' title='bbox 256 1636 495 1735; x_wconf 84' lang='lat' dir='ltr'><strong>gestorumque</strong></span> <span class='ocrx_word' id='word_1_84' title='bbox 508 1636 666 1733; x_wconf 73' lang='lat' dir='ltr'><strong>&#39;aperiunt</strong></span> <span class='ocrx_word' id='word_1_85' title='bbox 687 1655 842 1719; x_wconf 80' lang='lat' dir='ltr'><strong>textum,</strong></span> <span class='ocrx_word' id='word_1_86' title='bbox 866 1640 947 1712; x_wconf 93' lang='lat' dir='ltr'><strong>hinc</strong></span> <span class='ocrx_word' id='word_1_87' title='bbox 962 1694 972 1728; x_wconf 92' lang='lat'><strong>,</strong></span> <span class='ocrx_word' id='word_1_88' title='bbox 988 1657 1025 1712; x_wconf 90' lang='lat' dir='ltr'><strong>ut</strong></span> <span class='ocrx_word' id='word_1_89' title='bbox 1042 1639 1130 1711; x_wconf 88' lang='lat' dir='ltr'><strong>ordo</strong></span> <span class='ocrx_word' id='word_1_90' title='bbox 1154 1664 1225 1735; x_wconf 76' lang='lat' dir='ltr'><strong>po·</strong></span> <span class='ocrx_word' id='word_1_91' title='bbox 1254 1689 1259 1698; x_wconf 82' lang='lat'><strong>·</strong></span> 
     </span>
     <span class='ocr_line' id='line_1_14' title="bbox 256 1724 1225 1845; baseline 0.001 -25"><span class='ocrx_word' id='word_1_92' title='bbox 256 1747 387 1836; x_wconf 84' lang='lat' dir='ltr'><strong>scebat,</strong></span> <span class='ocrx_word' id='word_1_93' title='bbox 402 1744 536 1834; x_wconf 81' lang='lat' dir='ltr'><strong>exorsi,</strong></span> <span class='ocrx_word' id='word_1_94' title='bbox 562 1724 879 1845; x_wconf 65' lang='lat' dir='ltr'><strong>quodbtrcillianus</strong></span> <span class='ocrx_word' id='word_1_95' title='bbox 905 1738 1142 1822; x_wconf 84' lang='lat' dir='ltr'><strong>Mediolanum</strong></span> <span class='ocrx_word' id='word_1_96' title='bbox 1169 1748 1225 1821; x_wconf 92' lang='lat' dir='ltr'><strong>in-</strong></span> 
     </span>
    </p>

    <p class='ocr_par' dir='ltr' id='par_1_8' title="bbox 179 1855 1226 2172">
     <span class='ocr_line' id='line_1_15' title="bbox 179 1855 1225 1956; baseline 0.002 -28"><span class='ocrx_word' id='word_1_97' title='bbox 179 1857 183 1876; x_wconf 87' lang='grc'><strong>“</strong></span> <span class='ocrx_word' id='word_1_98' title='bbox 256 1855 380 1956; x_wconf 80' lang='lat' dir='ltr'><strong>gressus</strong></span> <span class='ocrx_word' id='word_1_99' title='bbox 410 1879 487 1928; x_wconf 92' lang='lat' dir='ltr'><strong>cum</strong></span> <span class='ocrx_word' id='word_1_100' title='bbox 511 1855 702 1928; x_wconf 86' lang='lat' dir='ltr'><strong>Seniaucho</strong></span> <span class='ocrx_word' id='word_1_101' title='bbox 726 1861 764 1932; x_wconf 91' lang='lat'><strong>&amp;</strong></span> <span class='ocrx_word' id='word_1_102' title='bbox 785 1857 1029 1932; x_wconf 89' lang='lat' dir='ltr'><strong>Valentiniano</strong></span> <span class='ocrx_word' id='word_1_103' title='bbox 1057 1859 1225 1945; x_wconf 84' lang='lat' dir='ltr'><strong>tribunis,</strong></span> 
     </span>
     <span class='ocr_line' id='line_1_16' title="bbox 253 1953 1226 2065; baseline -0.001 -28"><span class='ocrx_word' id='word_1_104' title='bbox 253 1989 342 2064; x_wconf 87' lang='lat' dir='ltr'><strong>quos</strong></span> <span class='ocrx_word' id='word_1_105' title='bbox 356 1965 499 2037; x_wconf 88' lang='lat' dir='ltr'><strong>duxerat</strong></span> <span class='ocrx_word' id='word_1_106' title='bbox 513 1963 625 2038; x_wconf 90' lang='lat' dir='ltr'><strong>secum</strong></span> <span class='ocrx_word' id='word_1_107' title='bbox 638 2017 648 2051; x_wconf 94' lang='lat'><strong>,</strong></span> <span class='ocrx_word' id='word_1_108' title='bbox 661 1964 804 2063; x_wconf 88' lang='lat' dir='ltr'><strong>cognito</strong></span> <span class='ocrx_word' id='word_1_109' title='bbox 815 1967 939 2065; x_wconf 80' lang='lat' dir='ltr'><strong>,quod</strong></span> <span class='ocrx_word' id='word_1_110' title='bbox 954 1953 1159 2039; x_wconf 79' lang='lat' dir='ltr'><strong>Malarichus</strong></span> <span class='ocrx_word' id='word_1_111' title='bbox 1172 1967 1226 2036; x_wconf 86' lang='lat' dir='ltr'><strong>re·</strong></span> 
     </span>
     <span class='ocr_line' id='line_1_17' title="bbox 255 2072 1226 2172; baseline -0.003 -24"><span class='ocrx_word' id='word_1_112' title='bbox 255 2072 387 2148; x_wconf 87' lang='lat' dir='ltr'><strong>cusavit</strong></span> <span class='ocrx_word' id='word_1_113' title='bbox 408 2073 574 2169; x_wconf 79' lang='lat' dir='ltr'><strong>suscipere</strong></span> <span class='ocrx_word' id='word_1_114' title='bbox 598 2073 850 2172; x_wconf 82' lang='lat' dir='ltr'><strong>magisterium,</strong></span> <span class='ocrx_word' id='word_1_115' title='bbox 872 2076 978 2148; x_wconf 86' lang='lat' dir='ltr'><strong>effuso</strong></span> <span class='ocrx_word' id='word_1_116' title='bbox 998 2076 1096 2150; x_wconf 88' lang='lat' dir='ltr'><strong>cursu</strong></span> <span class='ocrx_word' id='word_1_117' title='bbox 1118 2073 1226 2172; x_wconf 90' lang='lat' dir='ltr'><strong>petie·</strong></span> 
     </span>
    </p>

    <p class='ocr_par' dir='ltr' id='par_1_9' title="bbox 192 2182 1227 2300">
     <span class='ocr_line' id='line_1_18' title="bbox 192 2182 1227 2300; baseline 0.002 -46"><span class='ocrx_word' id='word_1_118' title='bbox 192 2237 196 2244; x_wconf 74' lang='lat'><strong>,</strong></span> <span class='ocrx_word' id='word_1_119' title='bbox 257 2203 310 2256; x_wconf 89' lang='lat' dir='ltr'><strong>rat</strong></span> <span class='ocrx_word' id='word_1_120' title='bbox 330 2185 469 2256; x_wconf 87' lang='lat' dir='ltr'><strong>Remos.</strong></span> <span class='ocrx_word' id='word_1_121' title='bbox 491 2185 533 2253; x_wconf 85' lang='lat' dir='ltr'><strong>Et</strong></span> <span class='ocrx_word' id='word_1_122' title='bbox 551 2201 711 2277; x_wconf 86' lang='lat' dir='ltr'><strong>tanquam</strong></span> <span class='ocrx_word' id='word_1_123' title='bbox 725 2182 761 2253; x_wconf 93' lang='lat' dir='ltr'><strong>in</strong></span> <span class='ocrx_word' id='word_1_124' title='bbox 776 2182 858 2256; x_wconf 88' lang='lat' dir='ltr'><strong>alto·</strong></span> <span class='ocrx_word' id='word_1_125' title='bbox 870 2185 980 2281; x_wconf 86' lang='lat' dir='ltr'><strong>gentis</strong></span> <span class='ocrx_word' id='word_1_126' title='bbox 996 2184 1150 2300; x_wconf 66' lang='lat' dir='ltr'><strong>silenpio,</strong></span> <span class='ocrx_word' id='word_1_127' title='bbox 1166 2209 1227 2257; x_wconf 84' lang='lat' dir='ltr'><strong>ex·</strong></span> 
     </span>
    </p>

    <p class='ocr_par' dir='ltr' id='par_1_10' title="bbox 230 2287 1318 2394">
     <span class='ocr_line' id='line_1_19' title="bbox 230 2287 1318 2394; baseline -0.001 -26"><span class='ocrx_word' id='word_1_128' title='bbox 230 2365 231 2368; x_wconf 74' lang='grc'>,</span> <span class='ocrx_word' id='word_1_129' title='bbox 258 2313 311 2368; x_wconf 91' lang='lat' dir='ltr'><strong>tra</strong></span> <span class='ocrx_word' id='word_1_130' title='bbox 324 2293 464 2379; x_wconf 90' lang='lat' dir='ltr'><strong>calcem,</strong></span> <span class='ocrx_word' id='word_1_131' title='bbox 480 2287 922 2388; x_wconf 28' lang='lat' dir='ltr'><strong>ut,dicitur,pr&#39;ocurrebatt</strong></span> <span class='ocrx_word' id='word_1_132' title='bbox 937 2291 1227 2394; x_wconf 84' lang='lat' dir='ltr'><strong>&amp;intempestive</strong></span> <span class='ocrx_word' id='word_1_133' title='bbox 1313 2347 1318 2367; x_wconf 51' lang='lat' dir='ltr'><strong>r</strong></span> 
     </span>
    </p>

    <p class='ocr_par' dir='ltr' id='par_1_11' title="bbox 175 2388 1377 2609">
     <span class='ocr_line' id='line_1_20' title="bbox 175 2388 1377 2502; baseline 0.002 -25"><span class='ocrx_word' id='word_1_134' title='bbox 175 2391 179 2396; x_wconf 36' lang='lat'><strong>¹</strong></span> <span class='ocrx_word' id='word_1_135' title='bbox 217 2477 220 2482; x_wconf 88' lang='grc'><em>,</em></span> <span class='ocrx_word' id='word_1_136' title='bbox 258 2427 378 2502; x_wconf 91' lang='lat' dir='ltr'><strong>parum</strong></span> <span class='ocrx_word' id='word_1_137' title='bbox 398 2401 583 2476; x_wconf 88' lang='lat' dir='ltr'><strong>etiamtum</strong></span> <span class='ocrx_word' id='word_1_138' title='bbox 598 2399 992 2493; x_wconf 86' lang='lat' dir='ltr'><strong>firmatisomnibus,ex</strong></span> <span class='ocrx_word' id='word_1_139' title='bbox 1008 2407 1156 2482; x_wconf 73' lang='lat' dir='ltr'><strong>asinario</strong></span> <span class='ocrx_word' id='word_1_140' title='bbox 1171 2432 1227 2479; x_wconf 89' lang='lat' dir='ltr'><strong>ra·</strong></span> <span class='ocrx_word' id='word_1_141' title='bbox 1375 2388 1377 2409; x_wconf 41' lang='lat'>³</span> 
     </span>
     <span class='ocr_line' id='line_1_21' title="bbox 258 2504 1228 2609; baseline 0 -23"><span class='ocrx_word' id='word_1_142' title='bbox 258 2509 411 2586; x_wconf 87' lang='lat' dir='ltr'><strong>ribciniis</strong></span> <span class='ocrx_word' id='word_1_143' title='bbox 431 2504 618 2584; x_wconf 81' lang='lat' dir='ltr'><strong>scrutandis</strong></span> <span class='ocrx_word' id='word_1_144' title='bbox 631 2510 808 2584; x_wconf 84' lang='lat' dir='ltr'><strong>incubuit:</strong></span> <span class='ocrx_word' id='word_1_145' title='bbox 825 2512 888 2609; x_wconf 86' lang='lat' dir='ltr'><strong>qui</strong></span> <span class='ocrx_word' id='word_1_146' title='bbox 897 2511 1053 2589; x_wconf 89' lang='lat' dir='ltr'><strong>fraudum</strong></span> <span class='ocrx_word' id='word_1_147' title='bbox 1071 2515 1228 2606; x_wconf 82' lang='lat' dir='ltr'><strong>conscius</strong></span> 
     </span>
    </p>

    <p class='ocr_par' dir='ltr' id='par_1_12' title="bbox 167 2618 1228 2833">
     <span class='ocr_line' id='line_1_22' title="bbox 167 2618 1227 2724; baseline 0.002 -29"><span class='ocrx_word' id='word_1_148' title='bbox 167 2618 170 2632; x_wconf 62' lang='lat'>²</span> <span class='ocrx_word' id='word_1_149' title='bbox 259 2623 300 2696; x_wconf 78' lang='lat' dir='ltr'><strong>dc</strong></span> <span class='ocrx_word' id='word_1_150' title='bbox 322 2646 516 2709; x_wconf 83' lang='lat' dir='ltr'><strong>noxarum,</strong></span> <span class='ocrx_word' id='word_1_151' title='bbox 538 2619 581 2692; x_wconf 90' lang='lat' dir='ltr'><strong>ad</strong></span> <span class='ocrx_word' id='word_1_152' title='bbox 600 2619 758 2724; x_wconf 86' lang='lat' dir='ltr'><strong>militaria</strong></span> <span class='ocrx_word' id='word_1_153' title='bbox 778 2621 868 2719; x_wconf 81' lang='lat' dir='ltr'><strong>signa</strong></span> <span class='ocrx_word' id='word_1_154' title='bbox 894 2624 1051 2723; x_wconf 82' lang='lat' dir='ltr'><strong>confugit</strong></span> <span class='ocrx_word' id='word_1_155' title='bbox 1072 2651 1081 2696; x_wconf 74' lang='grc' dir='ltr'><strong><em>ε</em></strong></span> <span class='ocrx_word' id='word_1_156' title='bbox 1108 2623 1227 2697; x_wconf 74' lang='lat' dir='ltr'><strong>linxit·</strong></span> 
     </span>
     <span class='ocr_line' id='line_1_23' title="bbox 259 2727 1228 2833; baseline 0.001 -29"><span class='ocrx_word' id='word_1_157' title='bbox 259 2754 328 2830; x_wconf 89' lang='lat' dir='ltr'><strong>que</strong></span> <span class='ocrx_word' id='word_1_158' title='bbox 352 2728 485 2803; x_wconf 81' lang='lat' dir='ltr'><strong>iuliano</strong></span> <span class='ocrx_word' id='word_1_159' title='bbox 509 2727 681 2824; x_wconf 73' lang='lat' dir='ltr'><strong>superstite</strong></span> <span class='ocrx_word' id='word_1_160' title='bbox 702 2728 738 2799; x_wconf 94' lang='lat' dir='ltr'><strong>in</strong></span> <span class='ocrx_word' id='word_1_161' title='bbox 760 2753 811 2802; x_wconf 89' lang='lat' dir='ltr'><strong>res</strong></span> <span class='ocrx_word' id='word_1_162' title='bbox 832 2731 941 2803; x_wconf 87' lang='lat' dir='ltr'><strong>novas</strong></span> <span class='ocrx_word' id='word_1_163' title='bbox 962 2732 1129 2830; x_wconf 86' lang='lat' dir='ltr'><strong>quendam</strong></span> <span class='ocrx_word' id='word_1_164' title='bbox 1153 2760 1228 2833; x_wconf 77' lang='lat' dir='ltr'><strong>mc-</strong></span> 
     </span>
    </p>

    <p class='ocr_par' dir='ltr' id='par_1_13' title="bbox 205 2837 1229 3034">
     <span class='ocr_line' id='line_1_24' title="bbox 205 2837 1229 2940; baseline -0.001 -24"><span class='ocrx_word' id='word_1_165' title='bbox 205 2841 218 2940; x_wconf 12' lang='grc' dir='ltr'><strong>γ’</strong></span> <span class='ocrx_word' id='word_1_166' title='bbox 260 2844 354 2916; x_wconf 88' lang='lat' dir='ltr'><strong>dium</strong></span> <span class='ocrx_word' id='word_1_167' title='bbox 374 2840 570 2913; x_wconf 85' lang='lat' dir='ltr'><strong>surrexisse:</strong></span> <span class='ocrx_word' id='word_1_168' title='bbox 589 2839 683 2936; x_wconf 86' lang='lat' dir='ltr'><strong>cujus</strong></span> <span class='ocrx_word' id='word_1_169' title='bbox 696 2837 837 2914; x_wconf 85' lang='lat' dir='ltr'><strong>fallaciis</strong></span> <span class='ocrx_word' id='word_1_170' title='bbox 847 2843 951 2915; x_wconf 90' lang='lat' dir='ltr'><strong>turbo</strong></span> <span class='ocrx_word' id='word_1_171' title='bbox 966 2843 1120 2918; x_wconf 86' lang='lat' dir='ltr'><strong>militaris</strong></span> <span class='ocrx_word' id='word_1_172' title='bbox 1133 2870 1229 2917; x_wconf 89' lang='lat' dir='ltr'><strong>acer·</strong></span> 
     </span>
     <span class='ocr_line' id='line_1_25' title="bbox 261 2951 1228 3034; baseline 0.006 -6"><span class='ocrx_word' id='word_1_173' title='bbox 261 2955 349 3028; x_wconf 89' lang='lat' dir='ltr'><strong>rime</strong></span> <span class='ocrx_word' id='word_1_174' title='bbox 372 2951 530 3028; x_wconf 85' lang='lat' dir='ltr'><strong>concitus</strong></span> <span class='ocrx_word' id='word_1_175' title='bbox 546 2954 770 3027; x_wconf 88' lang='lat' dir='ltr'><strong>Lucillianum</strong></span> <span class='ocrx_word' id='word_1_176' title='bbox 789 2957 1068 3030; x_wconf 85' lang='lat' dir='ltr'><strong>&amp;Seniauchum</strong></span> <span class='ocrx_word' id='word_1_177' title='bbox 1087 2959 1228 3034; x_wconf 87' lang='lat' dir='ltr'><strong>occidit.</strong></span> 
     </span>
    </p>

    <p class='ocr_par' dir='ltr' id='par_1_14' title="bbox 218 3063 1376 3505">
     <span class='ocr_line' id='line_1_26' title="bbox 218 3063 1376 3167; baseline 0.009 -33"><span class='ocrx_word' id='word_1_178' title='bbox 218 3114 220 3118; x_wconf 91' lang='lat'>-</span> <span class='ocrx_word' id='word_1_179' title='bbox 250 3063 639 3136; x_wconf 73' lang='lat' dir='ltr'><strong>Valentinianumenim</strong></span> <span class='ocrx_word' id='word_1_180' title='bbox 650 3064 753 3160; x_wconf 85' lang='lat' dir='ltr'><strong>paulo</strong></span> <span class='ocrx_word' id='word_1_181' title='bbox 766 3063 882 3162; x_wconf 88' lang='lat' dir='ltr'><strong>postea</strong></span> <span class='ocrx_word' id='word_1_182' title='bbox 895 3066 1105 3166; x_wconf 87' lang='lat' dir='ltr'><strong>Principem,</strong></span> <span class='ocrx_word' id='word_1_183' title='bbox 1122 3071 1229 3167; x_wconf 90' lang='lat' dir='ltr'><strong>trepi·</strong></span> <span class='ocrx_word' id='word_1_184' title='bbox 1259 3139 1263 3143; x_wconf 84' lang='lat'>.</span> <span class='ocrx_word' id='word_1_185' title='bbox 1375 3110 1376 3119; x_wconf 19' lang='grc' dir='ltr'><strong>κ</strong></span> 
     </span>
     <span class='ocr_line' id='line_1_27' title="bbox 263 3171 1280 3277; baseline 0.011 -33"><span class='ocrx_word' id='word_1_186' title='bbox 263 3176 361 3262; x_wconf 90' lang='lat' dir='ltr'><strong>dum,</strong></span> <span class='ocrx_word' id='word_1_187' title='bbox 383 3176 420 3248; x_wconf 66' lang='grc' dir='ltr'><strong>ὅ(</strong></span> <span class='ocrx_word' id='word_1_188' title='bbox 446 3199 516 3272; x_wconf 91' lang='lat' dir='ltr'><strong>quo</strong></span> <span class='ocrx_word' id='word_1_189' title='bbox 539 3171 740 3274; x_wconf 83' lang='lat' dir='ltr'><strong>confugeret</strong></span> <span class='ocrx_word' id='word_1_190' title='bbox 759 3178 1008 3277; x_wconf 84' lang='lat' dir='ltr'><strong>ambigentem,</strong></span> <span class='ocrx_word' id='word_1_191' title='bbox 1033 3181 1229 3254; x_wconf 83' lang='lat' dir='ltr'><strong>Primitivus</strong></span> <span class='ocrx_word' id='word_1_192' title='bbox 1274 3205 1280 3212; x_wconf 86' lang='lat'>·</span> 
     </span>
     <span class='ocr_line' id='line_1_28' title="bbox 265 3283 1228 3379; baseline 0.012 -22"><span class='ocrx_word' id='word_1_193' title='bbox 265 3283 387 3379; x_wconf 83' lang='lat' dir='ltr'><strong>hospes</strong></span> <span class='ocrx_word' id='word_1_194' title='bbox 416 3286 522 3358; x_wconf 89' lang='lat' dir='ltr'><strong>tutius</strong></span> <span class='ocrx_word' id='word_1_195' title='bbox 548 3287 749 3364; x_wconf 88' lang='lat' dir='ltr'><strong>amandarat.</strong></span> <span class='ocrx_word' id='word_1_196' title='bbox 773 3292 905 3364; x_wconf 72' lang='lat' dir='ltr'><strong>Hissita</strong></span> <span class='ocrx_word' id='word_1_197' title='bbox 932 3293 1080 3368; x_wconf 88' lang='lat' dir='ltr'><strong>trislibus</strong></span> <span class='ocrx_word' id='word_1_198' title='bbox 1114 3288 1228 3368; x_wconf 82' lang='lat' dir='ltr'><strong>laetum</strong></span> 
     </span>
     <span class='ocr_line' id='line_1_29' title="bbox 265 3395 1376 3505; baseline 0.012 -38"><span class='ocrx_word' id='word_1_199' title='bbox 265 3395 357 3467; x_wconf 87' lang='lat' dir='ltr'><strong>aliud</strong></span> <span class='ocrx_word' id='word_1_200' title='bbox 372 3395 573 3488; x_wconf 86' lang='lat' dir='ltr'><strong>addebatur,</strong></span> <span class='ocrx_word' id='word_1_201' title='bbox 590 3398 705 3472; x_wconf 80' lang='lat' dir='ltr'><strong>missos</strong></span> <span class='ocrx_word' id='word_1_202' title='bbox 728 3426 747 3473; x_wconf 93' lang='lat' dir='ltr'><strong>a</strong></span> <span class='ocrx_word' id='word_1_203' title='bbox 765 3401 895 3502; x_wconf 72' lang='lat' dir='ltr'><strong>Iovino</strong></span> <span class='ocrx_word' id='word_1_204' title='bbox 914 3404 1037 3478; x_wconf 87' lang='lat' dir='ltr'><strong>milites</strong></span> <span class='ocrx_word' id='word_1_205' title='bbox 1065 3405 1231 3479; x_wconf 88' lang='lat' dir='ltr'><strong>adventa·</strong></span> <span class='ocrx_word' id='word_1_206' title='bbox 1375 3480 1376 3505; x_wconf 46' lang='lat'><strong>,</strong></span> 
     </span>
    </p>

    <p class='ocr_par' dir='ltr' id='par_1_15' title="bbox 212 3509 1376 3616">
     <span class='ocr_line' id='line_1_30' title="bbox 212 3509 1376 3616; baseline 0.007 -37"><span class='ocrx_word' id='word_1_207' title='bbox 212 3530 214 3535; x_wconf 87' lang='lat'><em>·</em></span> <span class='ocrx_word' id='word_1_208' title='bbox 239 3543 241 3547; x_wconf 94' lang='lat'>·</span> <span class='ocrx_word' id='word_1_209' title='bbox 264 3509 556 3606; x_wconf 86' lang='lat' dir='ltr'><strong>re,quosCapita</strong></span> <span class='ocrx_word' id='word_1_210' title='bbox 570 3509 762 3585; x_wconf 90' lang='lat' dir='ltr'><strong>scholarum</strong></span> <span class='ocrx_word' id='word_1_211' title='bbox 776 3514 866 3586; x_wconf 89' lang='lat' dir='ltr'><strong>ordo</strong></span> <span class='ocrx_word' id='word_1_212' title='bbox 886 3516 1055 3591; x_wconf 84' lang='lat' dir='ltr'><strong>caslrensrs</strong></span> <span class='ocrx_word' id='word_1_213' title='bbox 1066 3518 1229 3616; x_wconf 88' lang='lat' dir='ltr'><strong>appellat,</strong></span> <span class='ocrx_word' id='word_1_214' title='bbox 1289 3579 1296 3586; x_wconf 91' lang='lat'><em>.</em></span> <span class='ocrx_word' id='word_1_215' title='bbox 1375 3564 1376 3575; x_wconf 25' lang='grc' dir='ltr'><strong>κ</strong></span> 
     </span>
    </p>

    <p class='ocr_par' dir='ltr' id='par_1_16' title="bbox 175 3612 1231 3839">
     <span class='ocr_line' id='line_1_31' title="bbox 175 3612 1227 3723; baseline 0.01 -30"><span class='ocrx_word' id='word_1_216' title='bbox 175 3612 183 3636; x_wconf 78' lang='grc'><em>“</em></span> <span class='ocrx_word' id='word_1_217' title='bbox 266 3619 472 3710; x_wconf 85' lang='lat' dir='ltr'><strong>nuntiantes,</strong></span> <span class='ocrx_word' id='word_1_218' title='bbox 488 3647 587 3718; x_wconf 82' lang='lat' dir='ltr'><strong>aequo</strong></span> <span class='ocrx_word' id='word_1_219' title='bbox 598 3622 713 3696; x_wconf 92' lang='lat' dir='ltr'><strong>animo</strong></span> <span class='ocrx_word' id='word_1_220' title='bbox 725 3623 863 3698; x_wconf 80' lang='lat' dir='ltr'><strong>luviani</strong></span> <span class='ocrx_word' id='word_1_221' title='bbox 876 3625 1055 3723; x_wconf 87' lang='lat' dir='ltr'><strong>imperium</strong></span> <span class='ocrx_word' id='word_1_222' title='bbox 1072 3628 1227 3723; x_wconf 75' lang='lat' dir='ltr'><strong>amplecii</strong></span> 
     </span>
     <span class='ocr_line' id='line_1_32' title="bbox 265 3722 1231 3839; baseline 0.012 -37"><span class='ocrx_word' id='word_1_223' title='bbox 265 3731 457 3807; x_wconf 75' lang='lat' dir='ltr'><strong>exercitum</strong></span> <span class='ocrx_word' id='word_1_224' title='bbox 475 3723 703 3810; x_wconf 85' lang='lat' dir='ltr'><strong>Gallicanum.</strong></span> <span class='ocrx_word' id='word_1_225' title='bbox 718 3722 855 3832; x_wconf 83' lang='lat' dir='ltr'><strong>Quibus</strong></span> <span class='ocrx_word' id='word_1_226' title='bbox 875 3739 1085 3839; x_wconf 87' lang='lat' dir='ltr'><strong>compertis,</strong></span> <span class='ocrx_word' id='word_1_227' title='bbox 1102 3741 1231 3835; x_wconf 76' lang='lat' dir='ltr'><strong>Valen-</strong></span> 
     </span>
    </p>
   </div>
   <div class='ocr_carea' id='block_1_3' title="bbox 0 0 1419 4284">
    <p class='ocr_par' dir='ltr' id='par_1_17' title="bbox 0 0 1419 4284">
     <span class='ocr_line' id='line_1_33' title="bbox 0 0 1419 4284; baseline 0 0"><span class='ocrx_word' id='word_1_228' title='bbox 0 0 1419 4284; x_wconf 95' lang='lat' dir='ltr'><strong> </strong></span> 
     </span>
    </p>
   </div>
  </div>
 </body>
</html>
