2775 4284
268 321 433 395 RERUM
453 318 711 395 GESTARUM
734 321 813 396 Lm.
834 322 993 401 xxvttt.
1046 354 1113 430 ¹47
1178 372 1181 376 ν
1367 389 1368 414 ,

152 470 274 559 liarutn
298 474 492 549 extenditur
515 469 697 575 longitudo
718 474 990 579 :nonnunquam
1013 485 1118 564 etiam

151 584 241 681 ultra
267 583 394 657 flumen
421 581 570 661 edificiis
601 583 722 683 positis
746 589 927 664 subradens
946 592 1119 678 barbaros

151 684 249 780 sities.
270 696 532 793 Deniquecum
545 714 716 795 reputaret
730 699 978 777 munimentum
993 704 1120 785 celsum
1152 764 1155 767 -

152 806 193 879 &
212 824 346 894 tutum,
369 806 465 903 quod
484 804 553 902 ipse
574 833 594 883 a
616 806 735 902 primis
755 807 912 885 fundarat
933 812 1119 912 auspiciis,
1149 821 1151 830 “

151 914 410 1011 praeterlabente
425 914 533 990 Nicro
556 904 696 1003 noipine
717 912 848 1008 fluvio,
861 920 1022 1016 paulatim
1043 925 1122 1001 sub.
1272 962 1275 968 ·

78 1078 84 1087 Ι
153 1021 245 1095 verti
259 1019 529 1116 poslcuudarum
551 1020 648 1117 pulsu
662 1020 824 1113 immani,
841 1042 987 1102 meatum
1008 1017 1123 1128 ipsum
1175 1067 1177 1072 ·
1371 1009 1372 1024 ἵ

154 1132 314 1209 aliorsum
332 1151 465 1205 vertere
489 1131 678 1229 cogitavit:
699 1137 739 1210 dt
763 1135 911 1234 quaesitis
933 1139 1122 1233 artificibus

154 1237 271 1341 peritis
282 1241 427 1340 aquaria
439 1240 727 1343 tei,copiosaque
740 1243 856 1325 militis
864 1272 967 1321 manu
979 1252 1122 1331 arduum

156 1350 204 1425 esi
218 1374 306 1446 opus
323 1348 500 1447 aggressus,
523 1352 586 1423 Pet
608 1352 736 1425 multos
748 1354 839 1427 enirn
855 1356 925 1432 dies
946 1367 1123 1465 compagi·
1204 1353 1209 1363 ’

158 1478 247 1534 natae
260 1455 382 1532 formae
400 1485 420 1532 e
435 1459 635 1549 roboribus,
656 1459 886 1560 conjedlaeque
908 1465 946 1537 in
965 1468 1124 1567 alveum,
1233 1540 1237 1547 ,

158 1569 236 1643 fixis
258 1566 438 1665 refixisque
459 1567 640 1666 aliquoties
667 1594 777 1668 prope
800 1570 993 1673 ingentibus
1017 1578 1124 1675 stilis,

157 1678 315 1752 fluetibus
329 1677 447 1751 creetis
459 1675 778 1768 confundebantur,
790 1680 980 1779 avulsaque
994 1686 1031 1768 ,vi
1046 1712 1126 1785 gur·

159 1786 238 1889 gitis
267 1786 609 1883 interrumpebantur.
641 1786 735 1860 Vicit
765 1804 879 1859 tamen
910 1785 1128 1892 lmpe'rqtoris
1237 1860 1239 1870 .
1376 1805 1377 1820 ¹

125 1895 401 1977 xvehementior
412 1891 737 1991 cura,&morigeri
750 1892 866 1969 militis
879 1893 994 1988 labor,
1007 1920 1128 1982 mento
1266 1888 1270 1897 ¹
1334 1968 1338 1975 .

61 2048 65 2055 ·
162 2025 281 2095 tenus,
298 2004 378 2077 dum
395 2021 613 2101 operaretur,
634 2002 720 2101 saepe
741 2001 883 2075 demersi
898 2007 1128 2107 :tandemque

162 2144 237 2193 non
255 2118 324 2191 stne
350 2115 566 2215 quorundam
589 2112 783 2189 discrimine
801 2113 904 2189 castra
925 2118 1130 2213 praesrdiaria

162 2222 398 2327 inquietudine
422 2224 572 2325 urgentis
591 2222 699 2297 amnis
721 2240 879 2312 exemto,
900 2246 992 2299 nunc
1014 2227 1141 2305 valida.

163 2340 251 2416 sunt.
278 2340 329 2410 Ac
354 2334 479 2410 talibus
503 2334 598 2408 laetus
621 2332 876 2431 exsultansque,
898 2358 962 2433 pro
984 2338 1067 2411 anni
1090 2343 1131 2417 bc

164 2450 329 2549 temporis
348 2448 431 2521 llatu
452 2445 599 2540 dilapsos
619 2443 839 2533 conducens,
853 2442 1050 2541 reipublice
1071 2474 1133 2523 cu·
1154 2436 1175 2504 .'

69 2620 72 2629 ,
165 2582 237 2633 ram
258 2552 396 2641 habuit,
419 2569 458 2623 ut
477 2548 600 2625 'officio
625 2546 794 2644 Principis
816 2551 1041 2647 congruebat.
1062 2548 1159 2627 xa:
1303 2640 1306 2644 ¹

165 2663 286 2761 susque
298 2659 499 2757 aptiffimum
512 2658 555 2730 ad
567 2656 732 2765 id,quod
744 2655 1135 2759 deliberabat,implen·

167 2774 271 2860 dum,
286 2789 377 2843 trans
391 2766 549 2842 Rhenum
565 2764 601 2837 in
615 2781 735 2839 monte
755 2766 843 2857 Piri,
863 2766 926 2865 qui
938 2761 1144 2847 barbaricam⁴

167 2880 267 2953 locus
286 2876 350 2965 esi,
365 2873 613 2947 munimentum
636 2872 804 2947 exstruere
818 2871 981 2970 disposuit
1001 2877 1138 2975 raptim:

166 2992 290 3086 thue
307 2984 458 3059 celeritas
477 2981 630 3055 effectum
645 2981 775 3080 negotii
789 2978 913 3056 sacer'et
927 3001 1060 3077 tutum,
1074 3009 1137 3085 pet·

163 3098 362 3198 Syagrium,
377 3112 461 3167 tunc
475 3093 658 3182 notarium,
672 3092 788 3191 postea
803 3091 1045 3202 praesedlum&
1057 3120 1136 3171 con·

170 3210 298 3295 sulem,
316 3210 494 3279 Aratorem
517 3204 654 3279 monuit
669 3204 806 3293 ducem,
824 3203 965 3278 undum
984 3205 1138 3306 undique
1164 3198 1169 3206 ’
1213 3254 1216 3260 -

171 3318 278 3393 altum
290 3316 369 3389 esset
380 3314 547 3389 filentium
557 3366 569 3402 ,
580 3314 614 3387 id
628 3313 775 3410 arripere
786 3331 977 3389 conaretur.
990 3316 1142 3395 Transiit

173 3452 254 3505 cum
269 3425 407 3499 notario
428 3425 517 3509 dux,
530 3440 569 3497 ut
587 3422 709 3520 jussum
724 3424 792 3515 est,
808 3422 939 3514 statim,
951 3423 1140 3525 fodereque
1363 3509 1368 3525 ,

26 3560 31 3569 ·
172 3562 235 3640 per
247 3530 403 3627 miliiem,
418 3560 518 3637 quem
532 3536 642 3625 duxit,
652 3535 870 3611 fundamenta
883 3534 1035 3625 exorsus,
1049 3536 1145 3612 Her-1
1246 3590 1248 3594 .
1282 3557 1297 3613 ·.

175 3672 356 3753 mogenem
374 3645 561 3742 susceperat
584 3642 803 3725 successorem
818 3670 828 3717 r
843 3642 1032 3742 eodemque
1048 3672 1140 3743 pun·
1348 3649 1354 3659 ’

127 3784 132 3793 ’
174 3762 232 3839 sto
258 3761 396 3862 quidam
424 3755 604 3859 optimates
629 3755 810 3833 Alamanni
833 3779 958 3942 appete
972 3756 1141 3874 ,obfidunp
1248 3806 1252 3813 -

298 3887 300 3895 ’
920 3889 941 3942 a
