2775 4284
247 288 314 355 ιη
402 248 1039 337 auutnut‘ttnttcatttut

237 420 366 518 spellos
385 446 504 495 eorum
530 446 775 511 mores,nunc
793 420 990 498 infimorum
1013 425 1051 497 δι
1076 420 1207 519 suppli·
1244 436 1256 447 '

89 524 93 533 i
189 525 192 541 ¹
237 558 339 622 cum,
359 534 463 632 paulo
484 534 559 631 post
581 532 699 605 ultima
712 532 1086 623 minitantiu'm,nullae
1106 534 1207 628 quie·

238 641 352 716 scendi
373 643 539 715 dabantur
552 640 702 713 indutiae.
721 642 910 736 ‘Contrasla
931 640 1037 739 igitur
1054 642 1206 739 undique

236 751 329 823 mole
352 749 497 822 maxima
522 766 763 839 catervarum,
783 750 883 824 armis
911 752 949 825 δι
976 749 1125 822 subsidiis
1153 750 1204 822 rei

237 858 374 937 cibariae
396 857 575 957 diligenter
598 857 755 949 instrusla
772 913 784 945 ,
801 858 984 958 accitoque
1007 857 1205 932 Sebastiano

188 954 200 972 ⁴
238 968 366 1043 comite
394 992 472 1043 cum
494 966 623 1066 Illyriis
643 970 682 1042 δι
710 968 832 1046 Italicis
856 969 1023 1058 numeris,
1038 972 1131 1067 quos
1149 994 1206 1041 re·
1228 953 1257 1006 χ

238 1077 367 1179 gebat,
395 1080 475 1152 arni
501 1099 659 1175 tempore
682 1078 753 1177 jam
776 1099 912 1178 tepente
946 1082 1207 1156 Valentinianus

216 1176 318 1264 ¹citrn
341 1193 506 1265 Gratiano
525 1192 683 1263 Rhenum
706 1191 922 1290 transgressus
949 1193 1117 1265 resiliente
1145 1218 1208 1264 ne-

240 1302 489 1389 mine3divisrs
510 1302 700 1400 agminibus
719 1305 890 1399 quadratis
911 1303 978 1401 ipse
998 1303 1128 1375 medius
1149 1303 1207 1375 in-

238 1411 399 1500 cedebat,
420 1412 550 1487 Jovino
571 1415 760 1493 &Severo
780 1413 943 1511 magistris
962 1414 1011 1487 rei
1037 1412 1210 1513 castrensis

158 1602 165 1621 ,
238 1518 435 1592 altrinsecus
456 1521 615 1623 ordinum
638 1522 738 1593 latera
764 1522 997 1612 servantibus,
1022 1547 1065 1593 ne
1088 1547 1211 1618 repen-

238 1630 318 1702 tino
334 1632 573 1705 invaderentur
585 1633 716 1706 assultu.
730 1635 955 1731 Protinusque
970 1633 1048 1704 inde
1069 1632 1210 1704 dustan-

153 1730 171 1811 ᾗ
210 1750 213 1763 ’
238 1742 331 1815 ribus
350 1742 510 1817 itinerum
536 1744 689 1831 callidis,
705 1745 893 1839 exploratis
915 1743 1119 1833 accessibus,
1146 1768 1210 1838 per

140 1908 153 1931 ,
239 1852 396 1951 regiones
418 1854 526 1953 longo
545 1854 597 1927 itu
617 1854 787 1951 porreslas
809 1851 925 1955 sensim
940 1853 1092 1950 gradiens
1111 1851 1213 1946 miles

238 1961 401 2035 irritatior
427 1966 468 2037 ad
501 1954 747 2063 pugnandum,
769 1964 865 2041 velut
891 1962 1030 2058 repertis
1056 1957 1209 2034 barbaris¹

239 2071 416 2179 minaciter
437 2073 660 2147 infrendebat.
684 2078 727 2145 Et
745 2074 909 2170 quoniam
937 2071 1070 2169 aliquot
1090 2066 1221 2145 diebus'

240 2180 382 2252 emensis
396 2182 506 2252 nullus
521 2182 658 2276 potuit,
672 2180 731 2277 qui
745 2181 925 2267 resisteret,
940 2181 1108 2270 inveniri,
1123 2207 1209 2254 cun·

240 2286 292 2361 ua
315 2287 461 2359 satorum
476 2291 514 2362 δι
527 2290 694 2364 teslotum
712 2341 724 2377 ,
744 2312 822 2384 quae
842 2288 1034 2361 visebantur
1059 2290 1210 2380 intasla,

87 2474 91 2481 N
244 2396 440 2471 cohortium
461 2424 564 2501 manu
594 2423 707 2469 vorax
730 2394 865 2469 flamma
889 2397 1065 2486 vallabat,
1087 2416 1211 2493 prpter

115 2560 125 2579 s
241 2503 425 2595 alimenta,
446 2532 523 2605 quae
542 2505 658 2603 colligi
682 2504 804 2600 dubius
827 2528 942 2577 rerum
968 2524 1111 2577 eventus
1135 2506 1212 2578 adi·

241 2617 342 2716 gebat
366 2622 403 2694 &
430 2612 604 2694 custodiri.¹
623 2618 702 2691 Post
726 2618 798 2689 haec
820 2617 952 2691 leniore
977 2617 1084 2716 gressu
1110 2619 1212 2690 Prin-

243 2752 323 2825 ceps
348 2730 488 2802 ulterius
511 2731 676 2817 tendens,
691 2754 768 2802 cum
782 2752 890 2824 prope
910 2728 1028 2800 locum
1043 2725 1211 2818 venisset,

132 2932 134 2936 Ι
243 2838 300 2911 cui
318 2839 487 2912 Solicinio
508 2866 634 2913 nomen
657 2837 724 2926 eli,
741 2837 836 2910 velut
853 2835 997 2936 quadam
1021 2838 1121 2910 obice
1143 2836 1211 2911 lie·

231 2949 285 3021 ‘tir
299 3004 310 3037 ,
323 2950 442 3022 dodus
460 2948 732 3048 procursantium
743 2948 909 3023 relatione
923 2948 1115 3036 veriffima,
1134 2949 1210 3020 bar·
1226 2974 1229 2978 ’

137 3064 140 3071 ’
241 3053 345 3130 batos
367 3057 467 3155 longe
492 3059 704 3155 conspectos.
733 3057 806 3150 Qui
831 3057 955 3129 nullam
983 3058 1210 3130 adtuendam

152 3246 156 3260 Ι
211 3189 213 3201 ’
242 3163 381 3252 salutem
402 3166 503 3239 tviam
535 3165 700 3263 superesse
730 3192 934 3255 cernentes,
961 3166 1022 3238 nifi
1045 3166 1077 3238 se
1106 3166 1235 3240 celeri*

242 3274 464 3351 defendissent
492 3277 635 3350 occursu
650 3332 663 3365 ,
685 3277 846 3351 locorum
875 3273 1227 3373 gnaritate'consisr,‘
1261 3334 1267 3342 ,

242 3411 349 3459 unum
367 3386 569 3483 spirantibus
590 3386 710 3461 animis
724 3406 876 3460 montem
891 3410 1109 3483 occupavere
1122 3411 1211 3482 prae·

205 3516 213 3551 ¹
244 3493 391 3581 celsum,
405 3489 463 3596 per
478 3494 698 3593 confragosos
719 3496 825 3569 colles
837 3494 996 3592 undique,
1004 3514 1211 3592 praeruptum
1230 3531 1232 3537 ·

213 3636 218 3644 ¹
242 3606 284 3677 dt
305 3603 464 3695 invium,
484 3605 606 3703 absque
625 3604 892 3702 septemtrionali
904 3605 1007 3678 latere
1019 3659 1032 3691 ,
1046 3607 1138 3679 unde
1157 3604 1211 3676 sa·

246 3710 461 3791 cilem‘habet
487 3716 714 3820 devexitatem
742 3718 783 3791 δι
807 3716 960 3794 mollem.
982 3716 1093 3816 Signis
1113 3716 1214 3791 illico
1270 3790 1276 3803 x
