2775 4284
251 252 320 324 262
397 233 1070 350 supraurura'cestr'ur
1170 322 1173 327 ⁴

252 409 458 482 Pannonicis
478 403 767 500 &Transalpinis
795 403 927 476 attritus
957 393 1231 493 aduentantem}

183 592 187 600 ,
252 547 353 617 quem
382 520 490 616 petitu
523 517 676 590 Valentis
704 517 889 590 Gratianus
914 517 964 588 ire
990 515 1153 611 disposuit
1183 517 1228 588 in

254 631 488 728 procinshrm,
507 629 652 700 laturum
668 625 836 723 suppetias
856 625 987 721 iis,qui
1001 625 1043 696 ad
1064 623 1228 696 ultimum

253 741 469 812 vexabantur
482 738 637 809 exitium.
655 737 732 808 Poll
746 761 846 832 quem
862 735 1084 806 Richomeres
1100 733 1227 804 domeae

253 849 415 922 sticorum
438 867 521 920 tunc
541 850 687 931 Comes,
707 847 875 943 imperatu
892 841 1040 938 ejusdem
1063 840 1223 916 Gratiani

254 952 368 1036 thorus
393 988 411 1033 e
433 961 576 1048 Galliis,
602 957 803 1056 properavit
826 947 1058 1030 ad'Thracias
1083 947 1225 1026 dusinus

256 1072 416 1144 cohortes
431 1071 559 1168 aliquas
576 1069 849 1140 nominetenus:
863 1092 1004 1163 quarum
1023 1090 1097 1162 pars
1112 1065 1226 1160 plera-

255 1207 322 1276 que
343 1182 549 1264 deseruerat,
569 1202 605 1250 ut
632 1180 796 1270 iadavere
824 1179 984 1275 quidam,
1005 1176 1226 1251 Merobaudis

255 1291 365 1379 suasu,
380 1294 499 1379 veriti,
516 1317 557 1363 ne
575 1281 738 1362 dellitutae
750 1289 966 1362 adminiculis
978 1290 1100 1361 Gallias
1114 1287 1225 1360 valla-

255 1417 374 1471 rentur
392 1401 532 1472 licenter
555 1401 884 1495 Rhenoperrupto.
907 1401 1038 1470 Verum
1060 1397 1226 1469 articulo-

245 1537 330 1584 ¹rum
353 1511 476 1584 dolore
487 1514 659 1610 Frigerido
673 1511 886 1606 praepedito,
901 1511 958 1580 vel
977 1529 1087 1598 certe,
1102 1529 1139 1580 ut
1158 1510 1226 1580 ob-

256 1622 453 1695 treflatores
472 1621 601 1694 finxere
617 1620 796 1707 malevoli,
816 1621 975 1692 morbum
992 1617 1166 1705 causante,
1181 1641 1227 1688 ne

256 1726 469 1802 ferventibus
492 1731 624 1828 proeliis
641 1729 808 1801 interesset
824 1730 1027 1803 :universos
1045 1754 1162 1827 regens
1179 1752 1226 1798 ex

159 1847 161 1857 “
199 1909 201 1918 Α
257 1842 435 1912 communi
457 1841 617 1914 sententia
636 1842 862 1914 Richomeres
876 1839 1063 1913 Profuturo
1077 1838 1226 1911 sociatur

255 1947 295 2021 δι
319 1949 493 2042 Traiano,
516 1950 732 2024 tendentibus
753 1958 862 2046 prope'
887 1950 1054 2046 oppidum
1074 1949 1225 2020 Salices:

255 2059 347 2130 unde
367 2061 455 2130 haud
480 2059 588 2155 longo
613 2058 721 2154 spatio
746 2058 931 2154 separatum
951 2059 1074 2156 vulgus
1097 2056 1226 2128 inaelli·

256 2167 379 2241 mabile
396 2169 614 2239 barbarorum
627 2220 639 2255 ,
652 2168 691 2237 ad
706 2170 801 2238 orbis
823 2168 962 2240 rotundi
981 2163 1120 2261 figuram
1135 2168 1228 2238 mul·

252 2276 402 2346 titudine
425 2275 548 2369 digesta
572 2273 815 2367 plaustrorum,
840 2260 999 2369 tanquam
1016 2278 1223 2349 'intramura-

254 2383 308 2455 nis
337 2383 529 2456 cohibitum
557 2384 794 2479 spatiis,',o'tio
820 2384 1052 2460 furebatur&
1075 2387 1226 2460 ubertate
1264 2389 1268 2393 ’

255 2493 457 2589 praedarum.
477 2493 608 2562 Praevia
621 2491 724 2588 igitur
739 2492 793 2586 spe
808 2494 988 2566 meliorum
1001 2496 1149 2568 Romani
1164 2499 1225 2568 du·
1329 2484 1332 2489 ⁵

254 2624 330 2688 ces,
347 2601 368 2672 fi
383 2601 454 2673 fors
469 2601 604 2696 copiam
622 2602 799 2686 attulisset,
812 2601 924 2674 ausuri
945 2605 1074 2701 aliquid
1094 2605 1225 2702 glorio·

255 2713 349 2801 sum,
364 2714 504 2786 Gothos
522 2712 688 2808 quidquid
710 2714 913 2787 molirentur
932 2716 1092 2813 sagaciter
1106 2717 1225 2790 obser-

254 2822 403 2891 vabant:
425 2820 458 2890 id
474 2819 601 2892 scilicet
620 2821 874 2916 prestruentes,
887 2843 924 2894 ut
942 2824 964 2893 sr
988 2823 1147 2896 aliorsum
1165 2849 1225 2895 ca·

254 2927 319 3001 sira
335 2928 535 3015 movissent,
555 2932 649 3026 quod
663 2930 1014 3021 fecerecreberriiire,
1028 2948 1119 3032 terga
1140 2935 1224 3006 ulti·

254 3062 389 3111 morum
402 3031 514 3108 ⁴adorti
531 3037 643 3132 plures
662 3040 881 3135 perfoderent
898 3041 1016 3116 conlisi
1027 3096 1038 3131 ,
1050 3057 1224 3137 magnam-j

253 3169 320 3242 que
345 3143 532 3239 spoliorum
561 3166 752 3220 averterent
782 3169 921 3244 partem.
950 3148 1028 3222 Hoc
1050 3149 1223 3220 intellecto

252 3253 384 3341 hostes,
409 3255 466 3325 vel
491 3257 739 3354 transfugarum
761 3255 894 3330 lhdiciis
917 3259 1028 3348 docti,
1052 3283 1112 3354 per
1133 3283 1222 3356 quos

56 3427 58 3430 .
140 3463 142 3468 Ι
253 3363 338 3435 nihil
356 3362 479 3434 latebat
498 3363 732 3458 incognitum,
748 3365 784 3436 in
806 3366 928 3437 eodem
949 3367 1031 3440 loco
1051 3369 1109 3439 diu
1125 3392 1237 3450 man··¹

192 3511 196 3520 ·
253 3471 388 3546 serunt:
404 3471 457 3542 sed
473 3473 621 3568 opposui
636 3475 808 3546 exercitus
823 3494 914 3548 metu
931 3475 1120 3572 praemisi,
1135 3479 1223 3557 alio·'

252 3607 395 3680 rumque
405 3581 561 3670 militum,
574 3607 664 3678 quos
680 3584 815 3655 affluere
828 3582 894 3676 jam
910 3585 1222 3679 sperabantttessera

253 3693 330 3765 data
358 3680 494 3792 gentili,
521 3717 583 3790 per
610 3693 744 3770 diversa
772 3719 882 3795 prope
904 3694 1038 3770 diffusas
1063 3694 1223 3771 accivere
1283 3720 1290 3729 ⁸
