2775 4284
162 285 289 394 50
385 227 644 337 ιιιιιιιιιι
679 261 1062 338 ueneremur

240 419 361 499 deduci
383 424 513 522 magnis
535 423 738 514 favoribus,
754 442 800 496 ut
809 423 955 496 solebat.
976 428 1104 499 Verum
1127 427 1232 502 cum'

193 599 195 610 .
239 533 473 612 incurvusille
493 534 785 633 vrsus&longror
797 537 995 610 adventaret
1004 533 1207 632 ,suspicati,

238 645 336 746 quod
358 638 548 735 acciderat,
562 646 606 718 in
626 645 780 720 lacrimas
801 645 894 720 effufi
921 645 998 720 suut
1021 672 1142 722 omues
1166 649 1231 722 &,
1277 642 1280 646 ⁴

166 783 169 788 ·
238 755 378 832 lullum.
401 755 510 848 Quod
535 755 559 826 si
581 755 697 855 gravis
720 756 860 854 quidam
881 754 1051 854 aequitatis
1078 756 1207 854 spella·
1273 840 1275 845 ,

130 949 151 972 ,Χ
238 885 297 938 tor
319 867 356 938 in
371 865 494 937 ultimo
511 889 622 939 rerum
643 863 760 962 spiritu
779 863 904 939 fartum
924 864 1121 939 criminatur
1137 867 1207 938 im·

238 976 414 1076 provide:
437 974 592 1050 nauticos
613 975 703 1048 idem
726 975 843 1070 jullius
871 975 1062 1071 incusabit,
1086 976 1206 1064 amisso

238 1083 352 1181 perito
379 1081 562 1180 navigandi
584 1079 768 1178 magistro,
787 1079 1003 1154 sevientibus
1029 1080 1143 1159 flabris
1166 1085 1207 1159 &

239 1192 345 1280 mari,
365 1191 461 1288 quod
478 1190 596 1264 clavos
610 1189 765 1312 regenda·
787 1189 885 1263 navis
903 1189 1043 1264 cuilibet
1061 1192 1229 1288 periculi

239 1300 338 1374 socio
362 1297 614 1378 commiserunt.
636 1297 728 1370 His
720 1316 766 1370 ua
791 1323 886 1372 caeco
906 1298 1057 1395 quodam
1076 1299 1206 1394 judicio

238 1393 388 1480 fortune
403 1403 569 1502 petallis,
592 1402 818 1494 Iovianorum
842 1402 996 1502 signifer,
1014 1428 1102 1501 quos
1117 1407 1207 1477 Var·
1233 1461 1236 1463 Α

236 1515 402 1590 ronianus
416 1533 548 1588 rexerat
566 1513 712 1600 dudum,
729 1539 808 1587 cum
820 1538 921 1587 novo
934 1514 1089 1588 dislidens
1106 1514 1205 1587 Priu-
1269 1515 1272 1521 ’

236 1626 333 1722 cipe,
348 1625 524 1698 etiamtum
543 1601 702 1720 privam,
724 1641 763 1695 ut
781 1622 886 1719 patris
906 1621 977 1717 ejus'
999 1623 1206 1698 obtreslator

83 1731 94 1746 '
165 1775 169 1785 ι
236 1734 510 1824 immoderatus,
534 1733 722 1831 periculum
740 1759 783 1807 ex
798 1733 941 1808 inimico
960 1753 1113 1811 metuens
1130 1735 1204 1833 'jam

237 1845 437 1922 communia
455 1843 687 1942 supergresso,
705 1841 845 1918 discessit
860 1844 902 1915 ad
923 1842 1034 1918 Persas
1048 1871 1058 1917 ι
1072 1872 1112 1920 ac
1126 1849 1205 1922 data
1220 1913 1238 1926 „.

237 1955 376 2030 dicendi
390 1955 508 2054 copia,
523 1980 601 2054 quae
616 1953 732 2044 sciret,
746 1953 851 2028 docet
863 1955 1027 2050 Saporem
1039 1953 1106 2050 jam
1119 1982 1203 2055 pro·

236 2057 483 2168 piriquarrtem,
502 2066 667 2138 exllindo
679 2118 691 2154 ,
705 2089 808 2162 quem
830 2065 1040 2153 verebatur,
1066 2067 1204 2142 turbiue

237 2176 415 2254 concitato
440 2175 602 2246 calonum
622 2175 663 2246 ad
683 2174 837 2248 umbram
861 2172 995 2270 imperii
1012 2169 1203 2256 lovinium
1290 2250 1295 2255 ,

107 2372 109 2384 ι
222 2287 350 2360 ¹adhuc
370 2284 599 2382 protellorem
625 2282 818 2374 ascitum,
809 2301 952 2356 mertem
973 2288 1142 2383 quendam
1165 2292 1204 2364 ὅ(

211 2483 213 2488 Ι
237 2393 390 2481 mollemt
412 2394 492 2466 Hoc
505 2391 565 2463 ille
576 2391 713 2480 audito,
725 2391 823 2490 quod
837 2390 966 2497 semper
983 2395 1123 2490 trepidis
1136 2421 1203 2469 vo·

239 2503 284 2578 tis
303 2529 345 2578 ex
371 2490 502 2594 erebat,
520 2501 719 2626 &inopina
734 2500 966 2600 prosperitate
971 2504 1100 2594 elatus,
1113 2507 1204 2578 mula
1239 2581 1244 2605 ί

210 2674 211 2684 ,
236 2603 336 2688 titud
365 2639 384 2686 e
401 2637 445 2686 ex
467 2612 561 2712 regio
579 2613 730 2710 equitatu
743 2609 936 2705 ιάιιιιιᾶι
913 2637 954 2684 us
960 2638 1042 2710 ‚qur
1033 2613 1202 2689 dimica-

181 2805 195 2830 s
234 2749 316 2798 vere
337 2721 533 2811 nobiscum,
551 2720 653 2794 celeri
674 2720 837 2816 disposuit
855 2723 960 2820 gradu
973 2723 1117 2822 agminis
1133 2751 1202 2798 no·

142 2842 164 2872 ‘¹
235 2834 294 2908 stri
316 2831 436 2907 invadi
454 2850 545 2930 terga
570 2830 753 2928 postremi.

200 2930 204 2939 ’
252 2967 264 3012 ι
284 2945 351 3022 Vl
365 2945 458 3036 Quae
479 2942 561 3014 dum
584 2940 677 3014 ultro
706 2940 864 3040 citroque
885 2941 1110 3033 ordinantur,
1135 2945 1201 3018 ho-

157 3051 163 3068 ³
196 3113 198 3126 .
234 3054 306 3130 sliis
322 3078 388 3152 pro
398 3051 560 3127 ‘loviano
579 3052 738 3150 extisque
761 3051 918 3149 inspellis
940 3049 1199 3152 pronuntiatum

233 3166 303 3252 est,
321 3189 397 3237 eum
414 3163 529 3236 dmltia
544 3163 769 3264 perditurum,
783 3161 830 3234 fi
821 3182 908 3239 rutra
922 3163 1051 3240 vallum
1066 3135 1200 3238 ulman-

233 3275 342 3364 fruet,
354 3292 392 3346 ut
412 3272 607 3372 cogitabat.
621 3271 830 3370 superiorem
853 3299 939 3346 vero
965 3273 1062 3364 sore,
1080 3275 1200 3370 prose·¹

179 3397 182 3403 “
235 3387 335 3459 (lum.
347 3383 495 3502 Proinde
509 3381 645 3506 egredi
636 3407 703 3477 pam
718 3401 907 3486 eoeptantes
921 3384 1122 3456 adoriuntur
1133 3411 1200 3460 nos

234 3490 420 3590 elephantis
440 3487 579 3590 praeviis
593 3490 721 3564 Persae:
736 3493 778 3563 ad
796 3515 945 3619 quorum
959 3491 1157 3568 fremitum
1147 3522 1201 3566 ιιι-

152 3657 154 3663 .
196 3620 207 3672 “.
234 3602 324 3677 cessu
311 3611 428 3698 tmque
449 3599 633 3693 terribilem
650 3600 746 3697 equis
763 3599 851 3673 inter
865 3600 959 3674 initia
977 3603 1141 3691 turbatis,
1159 3606 1199 3680 δε

234 3711 317 3791 viris
328 3766 339 3809 ,
351 3711 489 3792 Joviani
506 3711 545 3786 δι
559 3709 755 3789 Herculani
769 3708 890 3786 occisis
910 3711 1031 3786 belluis
1052 3712 1166 3810 paucis
1180 3767 1195 3803 ‚
