2775 4284
288 259 356 332 252
453 195 1087 312 nuurnurum'tcermur

285 402 376 480 sibus
396 427 474 476 eum
493 403 770 500 citisurgebantr
787 403 827 476 δι
849 399 915 496 jam
935 398 1167 497 oppresserant
1185 399 1260 473 ads

285 532 480 605 ventantes,
496 515 532 588 ni
552 531 690 610 gravate
704 511 893 609 praedarum
913 533 1020 584 onere
1040 507 1257 584 destitissent.

283 625 382 694 Fama
405 640 519 696 tamen
542 622 606 694 late
624 620 777 718 serpente
798 645 859 717 per
877 619 1074 694 Gothorum
1100 617 1255 716 reliquas

275 747 420 828 gentes,
442 727 539 828 duod
562 731 754 804 inusitatum
772 731 916 804 antehac
939 729 1116 802 hominum
1138 753 1253 826 genus
1312 715 1316 727 ¹

272 839 389 910 ,modo
409 863 536 928 ruens,
556 859 593 912 ut
614 841 720 913 turbo
735 839 908 936 montibus
932 838 1026 911 cellis
1038 892 1050 926 ‚
1063 863 1109 911 ex
1125 837 1249 911 abdito

223 979 231 984 ·
272 947 352 1020 buu
374 946 532 1022 coortum
559 950 712 1046 apposita
734 973 881 1048 quaque
905 947 1135 1023 convellit&
1161 971 1250 1022 cor·

280 1058 432 1153 rumpit:
450 1059 570 1154 populi
594 1083 668 1156 pars
683 1044 815 1151 maior,
832 1083 909 1154 quae
932 1055 1174 1131 Athanaricum
1191 1072 1247 1130 at·

277 1166 417 1240 tenuata
438 1167 696 1241 necessariorum
717 1166 858 1265 penuria
881 1165 1092 1253 deseruerat,
1114 1165 1246 1263 quaeri·
1353 1236 1354 1247 ,

269 1274 372 1348 *tabat
397 1274 607 1350 domicilium
628 1292 798 1350 remotum
819 1273 863 1347 ab
889 1273 987 1347 omni
1015 1272 1138 1344 notitia
1164 1272 1246 1345 bar·

281 1385 441 1459 barorum
457 1414 466 1460 :
485 1386 610 1483 diuque
634 1387 846 1473 deliberans,
864 1408 947 1481 quas
966 1382 1105 1479 eligeret
1121 1381 1246 1473 sedes,
1354 1424 1355 1447 r

279 1496 445 1592 cogitavit
458 1497 614 1570 Thraciae
630 1494 880 1591 receptaculum
901 1491 1034 1589 gentina
1054 1488 1186 1563 ratione
1199 1490 1246 1560 si·
1354 1528 1355 1573 γ

271 1605 315 1677 bi
334 1605 725 1705 convenientius,quod
741 1610 781 1680 δι
801 1603 943 1699 caespitis
961 1601 1009 1676 est
1028 1601 1244 1689 feracislimi‚
1354 1608 1356 1675 l

277 1715 555 1813 &amplitudine
571 1716 777 1790 fluentorum
796 1713 868 1787 lstri
893 1709 1106 1808 distinguitur
1125 1735 1144 1782 a
1162 1711 1245 1783 bar-.-

269 1823 393 1912 baris„
412 1824 679 1921 patentibusjum
698 1821 868 1922 peregrini
890 1819 1087 1892 fulminibus
1100 1819 1242 1892 Martis:
1354 1822 1355 1825 ’

269 1933 507 2032 hocquoque
524 1933 614 2008 idem
638 1932 762 2007 residui
784 1931 881 2010 velut
901 1947 1015 2004 mente
1043 1928 1240 2030 cogitavere

268 2041 464 2116 communi.
988 2119 1007 2128 ..

266 2205 271 2214 .
324 2155 382 2224 lV.
404 2139 623 2247 Itaqueduce
645 2147 801 2225 Aladivo
822 2147 912 2245 ripas
933 2172 1149 2246 occupavere
1162 2147 1239 2220 Da·
1355 2194 1356 2243 3

266 2257 396 2336 mubii:
420 2258 588 2356 miffisque
610 2259 806 2331 oratoribus
830 2261 1095 2348 adValentem,
1115 2257 1236 2353 suscipi
1318 2285 1326 2301 ·

274 2364 309 2438 se
331 2366 451 2440 humili
469 2389 570 2464 prece
594 2365 801 2463 poscebant,
822 2368 862 2442 δι
888 2359 1001 2466 quiete
1026 2368 1177 2442 viduros
1202 2368 1237 2441 se

272 2475 498 2573 pollicentes,
516 2478 557 2550 δι
573 2475 736 2565 daturos,
758 2474 782 2547 sr
802 2500 857 2550 res
882 2476 1078 2575 flagitasset,
1096 2475 1235 2550 auxilia.

266 2587 370 2668 'Dum
389 2606 537 2686 aguntur
556 2587 631 2659 haec
652 2586 688 2657 in
713 2586 875 2675 externis,
891 2585 1235 2686 novosmajotesque

263 2695 380 2770 solitis
401 2695 493 2770 casus
513 2695 646 2773 versare
668 2714 791 2794 gentes.
804 2699 946 2780 Arduus
959 2721 1146 2787 ‚rumores
1168 2715 1237 2771 teri

272 2807 386 2886 ribiles
419 2805 649 2881 diffuderunt:
672 2831 732 2905 per
757 2833 862 2887 omne
887 2809 1053 2908 quidquid
1076 2813 1119 2884 ad
1143 2815 1250 2887 Pon··

235 2941 236 2948 ¹
271 2929 344 3002 tum
365 2938 384 2986 a
408 2911 662 2990 Marcomannis
676 2916 895 3010 praetenditur
919 2920 958 2992 δι
974 2920 1128 3012 Quadis,
1141 2919 1234 2992 mul·

269 3017 450 3099 titudinem
472 3023 655 3110 barbaram
669 3023 868 3110 abditarum.
880 3026 1059 3100 nationum
1075 3026 1113 3101 vi
1128 3028 1234 3101 subita

253 3129 400 3231 ¹,sedibus
421 3132 572 3227 pulsam,
595 3134 686 3208 circa
700 3132 840 3207 slumen
862 3135 981 3223 Istrum
1009 3137 1126 3235 vagari
1152 3161 1233 3210 cum

269 3237 462 3314 caritatibus
484 3241 825 3318 suisdisseminantes.
839 3248 928 3339 Quae
938 3273 1002 3335 -res
1018 3248 1233 3346 aspernanter

266 3371 288 3419 a
312 3347 450 3422 noslris·
466 3350 555 3436 inter
584 3351 680 3425 initia
709 3352 778 3447 ipsa
807 3374 946 3451 accepta
972 3357 1045 3449 est,
1068 3360 1157 3430 banc
1182 3357 1232 3430 ob

152 3551 168 3564 ¹
268 3456 417 3548 causam,
430 3461 525 3558 quod
543 3458 609 3532 illis
624 3458 867 3538 traslibusnon
880 3460 939 3537 nifi
957 3468 1087 3563 perasla
1099 3483 1158 3541 aut
1171 3465 1232 3539 so·

262 3567 342 3664 pita¹
364 3570 471 3642 audiri
502 3569 624 3664 procul
648 3573 823 3670 agentibus
846 3577 1100 3652 consueverant
1129 3577 1231 3651 bella.
1283 3630 1294 3648 r

267 3681 395 3770 Verum
417 3679 619 3777 pubescente
638 3680 706 3777 jam
729 3681 796 3758 side
815 3684 1011 3782 gesturum·¹
1042 3687 1097 3762 cui
1122 3688 1231 3762 robur
