2775 4284
209 209 277 305 ηε
365 206 622 281 inuitur
649 204 1020 277 Maacttttut
1066 200 1076 230 ¹

206 363 604 461 morarum'impatientes
619 363 676 453 hi,
692 364 753 461 qui
765 388 837 435 rem
851 363 1068 452 detulerunt,
1080 358 1182 435 libel}

207 474 246 549 lo
276 470 473 570 petiverunt
503 475 623 549 oblato
641 528 654 565 ‚
672 494 712 547 ut
739 473 1000 547 examinamlum
1027 471 1184 570 iurgium

207 582 369 681 praeseflo
393 586 806 657 mandareturannonae:
828 582 937 680 idque·
954 580 1068 653 studio
1090 584 1185 655 cele«

207 692 316 769 sitatis
340 692 535 766 concessum
557 693 614 767 esi.
639 696 792 789 Accepta
810 692 913 791 igitur
933 689 1084 763 nocendi
1106 709 1182 764 mat-3

208 801 314 891 teria,
340 802 549 878 Maximinus
567 801 688 877 effudit
710 800 890 899 genuinam
912 799 1076 873 ferociam
1089 854 1102 887 ‚
1115 818 1183 896 ped

209 910 298 986 &ori
320 912 430 985 crudo
453 912 611 985 affixam:
632 931 670 984 ut
699 912 786 1009 sape
809 910 937 984 faciunt
965 910 1182 1006 amphithea-

210 1020 311 1095 trales
325 1020 431 1111 serae,
451 1022 609 1097 diffraslis
625 1022 763 1095 tandem
779 1020 899 1095 solutae
908 1021 1060 1117 pollicis
1072 1021 1205 1110 Curn-⁸

210 1155 281 1227 que
298 1131 555 1205 multiformiter
575 1131 667 1229 quafi
681 1130 720 1203 iu
733 1128 902 1227 proludiis
916 1129 1090 1227 negotium
1106 1128 1187 1224 spe·

212 1238 383 1329 siarcum,
400 1240 440 1313 &
462 1239 598 1337 quidam
619 1238 755 1311 sulcatis
774 1238 934 1329 lateribus
956 1236 1187 1333 nominassent

212 1346 348 1422 nobiles
372 1350 529 1447 aliquos,
544 1374 708 1447 tanquam
731 1347 810 1421 usos
827 1344 1014 1421 artificibus
1037 1343 1188 1417 laedendi

212 1482 276 1555 per
295 1456 461 1546 clientes,
480 1457 632 1556 aliosque
651 1457 795 1529 humiles
814 1474 921 1529 notos
937 1479 1014 1527 reos
1031 1458 1070 1529 δι
1090 1454 1189 1526 indi-

140 1620 147 1637 s
214 1591 297 1639 ces:
320 1564 420 1663 supra
443 1568 617 1665 plantam,
635 1585 674 1639 ut
690 1565 835 1654 dicitur,
847 1582 1010 1661 evagatus
1021 1580 1188 1639 tartareus

214 1676 396 1773 cognitor,
408 1678 575 1751 relatione
592 1678 737 1775 maligna
749 1674 868 1749 docuit
884 1674 1098 1771 Principem,
1111 1697 1187 1746 non

143 1772 149 1785 '
196 1782 278 1859 nili
299 1782 475 1881 suppliciis
498 1784 686 1857 acrioribus
707 1781 899 1879 perniciosa
912 1781 1066 1857 facinora
1089 1780 1188 1853 scru-

213 1890 408 1989 antipolis,
436 1894 493 1967 vel
509 1893 697 1980 vindicari,
713 1919 789 1990 quae
802 1894 925 1963 Rome
945 1910 1187 1987 perpetravere
1209 1917 1231 1943 x

143 2051 148 2067 =
214 2004 422 2101 complures.
436 2005 499 2078 His
525 2005 583 2077 ille
607 2005 756 2102 cognitis
777 2003 957 2092 efferatus,
976 2020 1016 2075 ut
1035 2018 1104 2075 erat
1125 2002 1186 2073 vi·

142 2208 149 2215 ι
214 2117 345 2191 tiorum
364 2117 524 2191 inimicus
547 2142 625 2189 acer
645 2118 772 2214 magis,
796 2140 899 2213 quarn
924 2113 1088 2203 severus,
1112 2139 1188 2187 uno

215 2228 406 2327 proloquio
438 2229 474 2299 in
507 2226 699 2321 hujusmodi
719 2226 858 2313 causas,
879 2250 964 2323 quas
987 2243 1189 2323 arroganter
1212 2220 1220 2237 '

216 2338 398 2435 proposito
425 2336 603 2433 majestatis
626 2325 814 2409 imminutae
836 2335 1023 2423 miscebam
1041 2340 1188 2423 omnes,

216 2474 307 2549 quos
320 2449 402 2544 juris
413 2450 513 2549 prisci
531 2450 658 2547 justitia
672 2452 920 2548 Divorumque
937 2448 1075 2521 arbitria
1091 2447 1190 2545 quae'·

217 2562 385 2641 stionibus
398 2590 553 2637 exemere
566 2565 728 2647 cruentis,
743 2564 767 2636 sr
781 2562 972 2661 postulasset
986 2561 1164 2658 negotium
1173 2613 1190 2648 ,

217 2670 333 2745 statuit
354 2673 538 2745 tormentis
553 2674 666 2772 affligi.
690 2678 807 2771 thue
828 2671 1065 2769 congeminata
1087 2686 1191 2766 potes

216 2781 283 2857 stas
304 2784 479 2879 erectaque
494 2782 652 2859 sublatius
677 2787 815 2858 altiores
836 2784 1088 2859 consarcinaret
1100 2810 1191 2856 aru-

219 2916 336 2980 mnas,
353 2890 543 2967 Maximino
568 2896 690 2967 Romae
708 2896 809 2993 ¹agere
830 2892 993 2989 disposito
1009 2919 1078 2991 pro
1103 2919 1191 2990 prae·

220 2995 343 3092 feslis,
364 3001 509 3077 sociavit
527 3004 569 3077 ad
589 3007 662 3079 haec
686 3002 1189 3104 cognoscenda,quarinmul·

218 3132 337 3186 torum
364 3113 514 3208 pericula
545 3114 784 3204 struebantur,
812 3118 962 3186 Leonem
991 3111 1192 3203 notarium,

177 3287 180 3297 ,
219 3220 338 3319 pollea
360 3222 557 3296 officiorum
574 3225 788 3323 magistrum,
803 3223 1007 3296 bulluarium
1020 3222 1193 3319 quendam

219 3332 392 3404 latronem
405 3333 621 3405 Pannonium
637 3320 830 3424 ‚efflantem
844 3331 956 3404 ferino
971 3333 1056 3404 rislu
1071 3333 1194 3405 crude·

182 3514 186 3519 ,
223 3441 379 3532 litatem,
395 3442 495 3514 etiam
521 3442 628 3545 ipsum
650 3443 872 3515 nihilomiuus
893 3442 1036 3515 huma‘ni
1058 3441 1195 3539 sangui·⁸

225 3552 279 3625 nis
304 3552 544 3626 avidisfimum.
571 3555 677 3627 Atrxit
703 3553 908 3627 obstinatum
935 3550 1115 3627 Maximini
1138 3554 1196 3624 in-

221 3661 359 3783 genium
387 3662 429 3740 ad
448 3662 639 3739 ledendum
661 3663 830 3740 adventus
853 3662 996 3768 collega
1013 3661 1143 3755 smilis,
1157 3663 1199 3740 &
