2775 4284
149 319 152 325 ·
249 289 298 384 48
415 225 1092 388 nntttttdlntnttcttttttt
1205 382 1208 392 Ι

137 462 142 472 ’
247 448 415 536 cendiffe,
434 448 512 522 curn
526 445 720 520 Metrodori
732 444 913 518 mendaciis
930 441 1065 518 avidius
1078 438 1217 541 acquie-

248 563 333 652 scit,
348 583 384 634 ut
405 560 533 635 dudum
551 557 728 631 ierulimus
750 556 860 652 plene.
878 556 981 630 Unde
1004 556 1079 629 caest
1101 547 1143 633 all
1164 555 1217 630 inss

246 666 483 749 ternecionem
505 672 674 744 exercitus
696 670 828 759 nostri,
846 669 939 766 capti
965 667 1125 740 militares
1155 665 1219 738 ali·

190 823 193 832 ·
243 787 386 882 quoties
413 781 568 868 numeri,
592 782 693 854 urbes
720 772 867 868 excisae,
890 788 987 875 r‘apta
1006 777 1219 850 munimenta

246 895 305 968 vel
324 893 452 975 diruta,
472 890 663 988 provinciae
679 888 842 986 gravibus
855 885 1013 983 impensis
1031 878 1219 958 exhaustis

246 1003 287 1076 δι
300 1002 342 1073 ad
358 999 511 1072 effectum
524 997 742 1073 tendentibus
762 995 864 1069 minis
881 995 1001 1067 cunda
1014 993 1217 1090 petebantur

184 1095 187 1105 ⁵
247 1108 395 1182 aPerfis
420 1107 567 1204 adusque
588 1105 761 1203 Bithynos
789 1106 828 1177 δι
853 1102 957 1176 litora
983 1101 1218 1199 Propontidis.

247 1211 296 1292 Αἰ
317 1219 354 1302 in
381 1216 503 1290 Galliis
534 1210 705 1288 bdllorum
733 1237 856 1286 tenore
882 1213 1065 1311 gliscente,
1092 1211 1218 1284 diffusis

246 1355 310 1427 per
334 1328 449 1400 nostra
467 1325 671 1415 Germanis,
691 1325 829 1422 jamque
854 1314 998 1424 Alpibus
1016 1328 1059 1399 ad
1081 1325 1219 1398 vallan-

248 1441 328 1511 dam
350 1437 479 1511 Italiam
498 1437 778 1534 perrumpendis,
792 1437 896 1510 multa
912 1440 951 1511 dt
973 1435 1118 1509 nefanda
1140 1459 1220 1533 per·

130 1633 138 1646 .
247 1547 347 1652 pellis
369 1545 593 1635 hominibus,
614 1544 702 1616 nihil
727 1561 851 1640 praeter
873 1546 1028 1618 lacrimas
1049 1543 1220 1640 supererat

248 1657 288 1726 &
312 1673 482 1724 terrores:
507 1650 566 1722 ubi
579 1653 633 1724 .&.
652 1651 904 1747 praeteritorum
928 1651 1122 1724 recordatio
1146 1669 1246 1723 erat.

247 1762 392 1848 acerba,
409 1762 448 1835 δι
462 1758 665 1857 exspedatio
686 1760 816 1834 trislior
833 1760 1113 1857 impendentium.
1127 1761 1219 1852 Quae

248 1875 368 1947 omnia
379 1873 515 1968 juvenis
533 1871 592 1946 iste
610 1874 651 1946 ad
664 1873 844 1946 occiduam
861 1872 993 1972 plagam
1013 1871 1123 1969 specie
1138 1874 1219 1945 Cae·

215 1995 217 2002 '
249 1983 471 2073 submissus,
489 1982 649 2083 regesque
662 2007 729 2080 pro
748 1980 926 2080 mancipiis
939 1981 1067 2081 agitans
1081 1980 1222 2080 ignobi·
1271 2003 1275 2013 ⁴

248 2094 358 2184 libus,
381 2095 500 2168 cunda
519 2117 616 2190 perne
639 2095 723 2166 mira
741 2092 832 2165 dictu
857 2089 1027 2164 celeritate
1053 2089 1221 2164 correxit.

248 2205 366 2298 thue
385 2201 564 2280 Orientem
588 2200 661 2297 pari
683 2200 795 2272 studio
816 2219 1001 2290 recrearet,
1015 2201 1155 2274 adortus
1169 2195 1218 2272 est

249 2309 364 2383 Persas
373 2364 386 2402 ,
404 2310 615 2405 triumphum
630 2311 757 2383 exinde
770 2312 933 2385 relaturus
947 2316 985 2388 &
1005 2336 1219 2413 cognomen·

248 2438 352 2508 tum,
378 2419 403 2492 st
427 2418 575 2494 consiliis
600 2419 673 2514 ejus
696 2423 735 2494 δι
758 2419 852 2495 sadis
874 2420 1060 2499 illustribus
1083 2423 1219 2498 decreta

79 2622 81 2626 .
251 2529 402 2607 coelestia
423 2530 663 2628 congruislentl
683 2535 824 2606 Etcum
844 2530 986 2608 sciamus
1006 2533 1218 2630 experimen·

251 2663 318 2732 to,
341 2643 427 2716 adeo
447 2640 609 2738 quosdam
625 2667 723 2715 ruere
743 2643 982 2738 improvidos,
999 2662 1036 2715 ut
1050 2642 1139 2715 bella
1162 2642 1220 2716 in·

166 2741 167 2746 ἵ
250 2755 386 2842 terdum
403 2751 501 2850 vidi,
516 2754 554 2825 δι
567 2745 719 2850 naufragi
730 2771 884 2849 repetant
897 2755 1015 2844 maria,
1026 2755 1064 2826 δι
1077 2753 1119 2824 ad
1132 2751 1219 2824 diffi·

252 2859 395 2937 cultates
409 2862 560 2951 redeant,
573 2862 696 2959 quibus
709 2860 917 2936 succubuere
928 2861 1112 2959 saepissime,
1127 2861 1219 2955 sunt,

252 2972 313 3070 qui
333 2971 601 3068 reprehendant,
613 2973 707 3071 paria
722 2974 873 3074 repetisse
885 2975 1079 3074 Principem
1091 2975 1219 3073 ubique

253 3085 433 3163 victorem.
1136 3140 1143 3149 ,

302 3195 346 3266 V.
365 3192 440 3266 Nec
464 3191 528 3265 fuit
549 3191 626 3288 poll
650 3193 726 3268 haec
750 3193 905 3270 lamentis
927 3210 984 3266 aut
1006 3191 1141 3269 fletibus
1162 3195 1219 3270 lo-

133 3295 139 3323 ¹
252 3329 325 3388 cus.
340 3305 498 3402 Corpore
510 3305 600 3377 enim
616 3325 735 3379 curato
750 3330 815 3403 pto
830 3304 931 3404 copia
950 3297 1062 3415 retpm
1078 3307 1117 3380 δι
1130 3325 1220 3380 tem-

137 3502 139 3514 Ι
198 3449 200 3456 ι
252 3415 364 3514 poris,
377 3432 432 3504 ut,
445 3414 504 3487 ubi
518 3414 602 3486 olim
614 3412 682 3512 ipse
694 3413 867 3507 statuerat,
882 3414 1106 3488 conderetur:
1121 3416 1220 3513 prin·

254 3525 349 3624 cipio
372 3525 460 3601 ,lucis
477 3525 597 3601 secutae
607 3582 620 3617 ,
635 3553 713 3627 quae
733 3547 803 3600 erat
824 3529 980 3626 quintum
1000 3526 1144 3600 Kalend.
1164 3526 1220 3601 lu·

253 3637 335 3728 lias,
358 3633 509 3709 hostibus
530 3662 573 3709 ex
597 3637 694 3710 omni
715 3639 817 3710 latete
839 3631 1220 3727 circumfusrs,colledli

160 3827 162 3834 ,
254 3747 358 3826 duces
381 3747 573 3842 exercitus,
593 3745 835 3848 advocatisque
857 3747 1028 3847 legionum
1044 3743 1239 3845 principiis

672 3855 687 3890 X
948 3853 951 3857 ’
