2775 4284
319 202 487 273 RERUM
512 201 767 274 GESTARUM
792 202 873 275 ΗΒ.
896 202 1028 275 XXXl.
1099 215 1170 300 279

198 362 323 439 indicia
352 364 592 464 dignitatis&
621 363 783 437 natalium
822 364 1017 456 [daturus]
1042 364 1095 436 Eo
1125 364 1168 436 ad

196 476 326 548 vallum
347 476 468 548 hollile
482 473 666 565 tendente,
679 474 839 573 sagittarii
855 479 891 549 &
907 474 1068 561 scutarii,
1077 497 1169 571 quos
1216 543 1220 555 χ

19 623 23 639 ·
127 676 130 682 ¹
195 587 354 661 Bacurius
373 588 520 661 Hiberus
538 585 677 683 quidam
697 588 940 686 tunc‘regeha‘t
961 588 999 661 dc
1026 585 1171 677 Cassio,

194 698 330 772 avidius
351 697 484 793 impetu
506 697 632 770 calenti
656 697 844 795 progressi,
863 695 997 793 jamque
1021 696 1171 771 adversis

197 807 375 898 connexi,
396 827 434 879 ut
454 807 631 880 immature
647 826 900 904 proruperant,
917 806 964 878 ita
983 804 1084 877 inerti
1102 803 1169 875 dis·

196 917 284 989 cessu
305 916 492 1014 primordia
515 916 598 989 belli
629 915 815 990 foedarunt.
849 906 995 1014 Hocque
1020 914 1169 1011 impedi-

196 1044 313 1099 mento
328 1045 472 1101 conatus
496 1024 727 1125 intempestivi
750 1028 788 1100 δι
810 1023 1026 1099 Richomeris
1048 1023 1170 1097 alacri·
1210 1094 1219 1105 ,,
1263 1036 1265 1041 ’

196 1153 247 1210 tas
267 1136 369 1212 frada
397 1136 465 1227 est,
483 1137 648 1235 nusquam
671 1136 720 1210 ire
743 1136 909 1234 permiffi,
936 1138 975 1211 &
999 1134 1169 1233 equitatus

196 1247 394 1321 Gothorum
417 1273 495 1320 cum
513 1247 660 1319 Alatheo
680 1234 893 1321 reversus&
912 1244 1066 1335 Safrace,
1088 1244 1168 1317 Ala·
1237 1336 1238 1339 Ἴ

194 1380 321 1429 norum
343 1381 445 1429 manu
467 1356 660 1453 permixta,
680 1373 718 1428 ut
746 1356 874 1429 fulmen
894 1380 1004 1454 prope
1032 1373 1169 1429 montes
1232 1393 1238 1449 '.

194 1466 303 1541 celsos
325 1466 500 1557 excultus,
520 1458 746 1564 quoscunque
772 1466 913 1542 accursu
936 1466 1050 1543 veloci
1066 1465 1169 1547 iuver.

194 1576 269 1649 nite
282 1575 441 1649 cominus
455 1574 570 1673 potuit
578 1628 591 1665 ,
605 1574 744 1651 incitata
758 1577 852 1652 caede
873 1576 1037 1651 turbavit.

242 1689 334 1761 XllI.
351 1690 509 1786 Cumque
523 1714 616 1761 arma
636 1688 797 1761 exlatere
819 1687 917 1762 omni
939 1699 1168 1761 concuteren³
1288 1685 1290 1695 ⁴

192 1814 252 1871 tur
271 1802 309 1874 δι
323 1802 407 1892 tela,
421 1799 591 1899 lituosque
610 1799 755 1873 Bellona
775 1796 948 1872 lueluosos
962 1794 1168 1885 insi-aret,.in

193 1910 306 1985 clades
328 1916 503 1986 Romanas
520 1912 624 1986 solito
646 1911 828 1985 immanius
850 1910 989 1983 furens:
1010 1910 1182 1983 cedentes

193 2020 301 2094 nostri
320 2022 438 2097 multis
454 2010 768 2097 interclamantibus
782 2020 994 2095 restiterunt:
1014 2022 1052 2093 δι
1069 2042 1169 2114 proe-

191 2128 275 2201 lium
304 2130 514 2204 flammarum
547 2131 614 2203 ritu
640 2129 817 2221 crescens,
844 2129 992 2203 terrebat
1018 2126 1167 2201 militum

189 2240 344 2331 animoa,
360 2241 508 2318 confixis
526 2242 727 2341 quibusdam
745 2240 868 2315 rotatis
890 2239 1010 2313 idibus
1035 2236 1182 2332 jaculo-.

190 2375 267 2423 rum
287 2354 326 2427 δι
344 2352 549 2451 sagittarum.
574 2353 712 2425 Deinde
736 2351 863 2425 collisae
885 2349 923 2423 in
941 2347 1083 2422 modum
1105 2362 1168 2419 to·'

191 2460 340 2532 sitorum
368 2461 511 2533 navium
538 2459 648 2549 acies,
674 2459 917 2555 trudentesque
943 2458 976 2529 se
1002 2457 1169 2541 vicissim,
1258 2476 1274 2481 ”

190 2568 357 2640 undarum
382 2565 495 2664 specie
516 2554 669 2640 motibus
692 2565 770 2639 sunt
792 2564 978 2661 reciprocis
1000 2562 1169 2662 jactitare.
1193 2596 1199 2628 c

189 2681 235 2749 Et
256 2676 337 2775 quia
357 2676 524 2751 hnislrurn
545 2701 657 2752 cornu
679 2676 827 2777 adusque
847 2673 992 2772 plaustra
1014 2673 1085 2771 ipsa
1108 2668 1168 2748 ac·

191 2786 304 2878 ceffit,
317 2787 422 2877 ultra,
435 2788 461 2861 st
474 2788 534 2887 qui
546 2787 697 2867 tulissent
711 2786 900 2885 suppetias,
913 2784 1144 2883 processurum
1156 2779 1172 2861 c

190 2924 211 2972 a
235 2898 372 2999 reliquo
402 2899 558 2999 equitatu
587 2898 780 2987 desertum,
806 2895 1025 2971 multitudine
1051 2896 1169 2973 hostili

187 3007 446 3105 urgente,s1cut
457 3008 559 3081 'ruina
580 3007 709 3108 aggeris
725 3006 840 3106 magni
854 3006 1049 3104 oppressum
1065 3012 1174 3105 atque

190 3117 356 3214 dejeelum
370 3117 418 3191 esl
430 3141 441 3186 ε
454 3116 619 3191 steterunt
633 3116 829 3215 improtedi
849 3115 999 3214 pedites,
1015 3117 1062 3190 ita
1077 3136 1167 3191 con-⁶

186 3226 373 3301 catervatis
395 3225 594 3325 manipulis,
608 3245 647 3299 ut
671 3227 735 3304 virt
760 3250 964 3315 mucronem
987 3225 1168 3316 exserere,
1257 3287 1262 3298 ,

190 3350 385 3407 autmanus
402 3335 567 3408 reducere
580 3334 756 3432 quisquam
774 3332 906 3432 pollet.'
920 3333 993 3407 Nec
1013 3333 1080 3428 jam
1102 3334 1166 3408 oh
1187 3370 1201 3388 s

190 3440 282 3537 jeshu
302 3442 454 3539 pulveris
475 3442 603 3519 coelum
617 3462 731 3543 patere
745 3445 860 3543 potuit
874 3446 916 3517 ad
928 3444 1167 3543 prospedum,

191 3550 400 3628 clamoribus
419 3552 582 3631 resultans
603 3552 784 3634 horrificis.
805 3557 886 3651 Qua
905 3554 1003 3629 cau-sa
1018 3554 1085 3630 tela
1099 3580 1165 3639 tut·¹

900 3667 1161 3760 84st
