<?xml version="1.0" encoding="UTF-8"?>
<!DOCTYPE html PUBLIC "-//W3C//DTD XHTML 1.0 Transitional//EN"
    "http://www.w3.org/TR/xhtml1/DTD/xhtml1-transitional.dtd">
<html xmlns="http://www.w3.org/1999/xhtml" xml:lang="en" lang="en">
 <head>
  <title>
</title>
<meta http-equiv="Content-Type" content="text/html;charset=utf-8" />
  <meta name='ocr-system' content='tesseract 3.04.00' />
  <meta name='ocr-capabilities' content='ocr_page ocr_carea ocr_par ocr_line ocrx_word'/>
</head>
<body>
  <div class='ocr_page' id='page_1' title='image "ammianimarcelli00ernegoog_0066.png"; bbox 0 0 2775 4284; ppageno 0'>
   <div class='ocr_carea' id='block_1_1' title="bbox 128 277 181 352">
    <p class='ocr_par' dir='ltr' id='par_1_1' title="bbox 128 277 181 352">
     <span class='ocr_line' id='line_1_1' title="bbox 128 277 181 352; baseline -0.094 -47"><span class='ocrx_word' id='word_1_1' title='bbox 128 277 181 352; x_wconf 56' lang='lat' dir='ltr'>aar</span> 
     </span>
    </p>
   </div>
   <div class='ocr_carea' id='block_1_2' title="bbox 254 225 1152 371">
    <p class='ocr_par' dir='ltr' id='par_1_2' title="bbox 254 225 1152 371">
     <span class='ocr_line' id='line_1_2' title="bbox 254 225 1152 371; baseline -0.003 -18"><span class='ocrx_word' id='word_1_2' title='bbox 254 350 257 353; x_wconf 78' lang='grc'>,</span> <span class='ocrx_word' id='word_1_3' title='bbox 314 225 480 371; x_wconf 69' lang='lat' dir='ltr'>uiuum</span> <span class='ocrx_word' id='word_1_4' title='bbox 503 257 760 351; x_wconf 76' lang='lat' dir='ltr'>cusrnnuu</span> <span class='ocrx_word' id='word_1_5' title='bbox 787 277 867 348; x_wconf 82' lang='lat' dir='ltr'>uu</span> <span class='ocrx_word' id='word_1_6' title='bbox 892 244 1011 349; x_wconf 68' lang='lat' dir='ltr'>xxvss</span> <span class='ocrx_word' id='word_1_7' title='bbox 1102 243 1152 350; x_wconf 67' lang='lat'>61?</span> 
     </span>
    </p>
   </div>
   <div class='ocr_carea' id='block_1_3' title="bbox 182 431 1266 537">
    <p class='ocr_par' dir='ltr' id='par_1_3' title="bbox 182 431 1266 537">
     <span class='ocr_line' id='line_1_3' title="bbox 182 431 1266 537; baseline -0.003 -19"><span class='ocrx_word' id='word_1_8' title='bbox 182 431 238 534; x_wconf 79' lang='lat' dir='ltr'>te3</span> <span class='ocrx_word' id='word_1_9' title='bbox 251 470 329 519; x_wconf 92' lang='lat' dir='ltr'>cum</span> <span class='ocrx_word' id='word_1_10' title='bbox 347 444 496 518; x_wconf 92' lang='lat' dir='ltr'>oblatam</span> <span class='ocrx_word' id='word_1_11' title='bbox 507 442 721 516; x_wconf 82' lang='lat' dir='ltr'>eicoronam</span> <span class='ocrx_word' id='word_1_12' title='bbox 738 439 948 537; x_wconf 83' lang='lat' dir='ltr'>aliquamdiu</span> <span class='ocrx_word' id='word_1_13' title='bbox 969 439 1150 529; x_wconf 81' lang='lat' dir='ltr'>recusans,</span> <span class='ocrx_word' id='word_1_14' title='bbox 1263 434 1266 439; x_wconf 31' lang='lat'><strong>¹</strong></span> 
     </span>
    </p>
   </div>
   <div class='ocr_carea' id='block_1_4' title="bbox 185 550 1157 983">
    <p class='ocr_par' dir='ltr' id='par_1_4' title="bbox 185 550 1157 983">
     <span class='ocr_line' id='line_1_4' title="bbox 187 550 1157 653; baseline -0.006 -23"><span class='ocrx_word' id='word_1_15' title='bbox 187 558 323 630; x_wconf 79' lang='lat' dir='ltr'>eoaslus</span> <span class='ocrx_word' id='word_1_16' title='bbox 340 555 489 653; x_wconf 87' lang='lat' dir='ltr'>denique</span> <span class='ocrx_word' id='word_1_17' title='bbox 508 550 717 649; x_wconf 71' lang='lat' dir='ltr'>suscepisset,</span> <span class='ocrx_word' id='word_1_18' title='bbox 731 552 890 624; x_wconf 81' lang='lat' dir='ltr'>Siluanus</span> <span class='ocrx_word' id='word_1_19' title='bbox 911 551 1048 648; x_wconf 89' lang='lat' dir='ltr'>quidam</span> <span class='ocrx_word' id='word_1_20' title='bbox 1071 551 1157 627; x_wconf 69' lang='lat' dir='ltr'>cau·&#39;</span> 
     </span>
     <span class='ocr_line' id='line_1_5' title="bbox 185 649 1153 754; baseline -0.004 -14"><span class='ocrx_word' id='word_1_21' title='bbox 185 665 476 742; x_wconf 90' lang='lat' dir='ltr'>sarumdefensor</span> <span class='ocrx_word' id='word_1_22' title='bbox 494 649 723 740; x_wconf 85' lang='lat' dir='ltr'>confidentius</span> <span class='ocrx_word' id='word_1_23' title='bbox 747 663 967 736; x_wconf 83' lang='lat' dir='ltr'>exclamavit.</span> <span class='ocrx_word' id='word_1_24' title='bbox 991 650 1068 754; x_wconf 72' lang='lat' dir='ltr'>lia,</span> <span class='ocrx_word' id='word_1_25' title='bbox 1099 663 1153 736; x_wconf 90' lang='lat' dir='ltr'>in·</span> 
     </span>
     <span class='ocr_line' id='line_1_6' title="bbox 185 765 1154 878; baseline -0.004 -29"><span class='ocrx_word' id='word_1_26' title='bbox 185 778 262 876; x_wconf 87' lang='lat' dir='ltr'>quit</span> <span class='ocrx_word' id='word_1_27' title='bbox 276 765 477 878; x_wconf 69' lang='lat' dir='ltr'>,Impirator</span> <span class='ocrx_word' id='word_1_28' title='bbox 494 805 515 848; x_wconf 89' lang='lat' dir='ltr'>a</span> <span class='ocrx_word' id='word_1_29' title='bbox 533 777 711 848; x_wconf 76' lang='lat' dir='ltr'>civitatibus</span> <span class='ocrx_word' id='word_1_30' title='bbox 738 775 867 871; x_wconf 80' lang='lat' dir='ltr'>restduis</span> <span class='ocrx_word' id='word_1_31' title='bbox 882 778 1046 847; x_wconf 82' lang='lat' dir='ltr'>coroneris.</span> <span class='ocrx_word' id='word_1_32' title='bbox 1068 777 1154 867; x_wconf 89' lang='lat' dir='ltr'>Quo</span> 
     </span>
     <span class='ocr_line' id='line_1_7' title="bbox 185 883 1154 983; baseline -0.004 -22"><span class='ocrx_word' id='word_1_33' title='bbox 185 888 297 962; x_wconf 80' lang='lat' dir='ltr'>verbo</span> <span class='ocrx_word' id='word_1_34' title='bbox 311 885 552 983; x_wconf 85' lang='lat' dir='ltr'>exasperatus,</span> <span class='ocrx_word' id='word_1_35' title='bbox 566 889 653 959; x_wconf 85' lang='lat' dir='ltr'>intra</span> <span class='ocrx_word' id='word_1_36' title='bbox 674 885 822 958; x_wconf 88' lang='lat' dir='ltr'>triduum</span> <span class='ocrx_word' id='word_1_37' title='bbox 843 883 1072 979; x_wconf 88' lang='lat' dir='ltr'>omnes·juss1t</span> <span class='ocrx_word' id='word_1_38' title='bbox 1091 911 1154 958; x_wconf 91' lang='lat' dir='ltr'>ex-</span> 
     </span>
    </p>
   </div>
   <div class='ocr_carea' id='block_1_5' title="bbox 185 993 1217 1094">
    <p class='ocr_par' dir='ltr' id='par_1_5' title="bbox 115 993 1217 1096">
     <span class='ocr_line' id='line_1_8' title="bbox 185 993 1217 1094; baseline -0.005 -23.318"><span class='ocrx_word' id='word_1_39' title='bbox 185 997 305 1071; x_wconf 86' lang='lat' dir='ltr'>cedere</span> <span class='ocrx_word' id='word_1_40' title='bbox 330 996 537 1086; x_wconf 83' lang='lat' dir='ltr'>moenibus‚</span> <span class='ocrx_word' id='word_1_41' title='bbox 565 995 765 1069; x_wconf 84' lang='lat' dir='ltr'>detestantes</span> <span class='ocrx_word' id='word_1_42' title='bbox 795 1018 910 1078; x_wconf 83' lang='lat' dir='ltr'>rerum</span> <span class='ocrx_word' id='word_1_43' title='bbox 941 993 1155 1094; x_wconf 76' lang='lat' dir='ltr'>praesentium</span> <span class='ocrx_word' id='word_1_44' title='bbox 1212 1059 1217 1074; x_wconf 78' lang='grc'><em>,</em></span> 
     </span>
    </p>
   </div>
   <div class='ocr_carea' id='block_1_6' title="bbox 185 1105 1155 1207">
    <p class='ocr_par' dir='ltr' id='par_1_6' title="bbox 185 1105 1155 1207">
     <span class='ocr_line' id='line_1_9' title="bbox 185 1105 1155 1207; baseline -0.004 -26"><span class='ocrx_word' id='word_1_45' title='bbox 185 1108 316 1181; x_wconf 82' lang='lat' dir='ltr'>slanun.</span> <span class='ocrx_word' id='word_1_46' title='bbox 332 1109 528 1207; x_wconf 79' lang='lat' dir='ltr'>Appositis</span> <span class='ocrx_word' id='word_1_47' title='bbox 519 1129 632 1206; x_wconf 81' lang='lat' dir='ltr'>itaque</span> <span class='ocrx_word' id='word_1_48' title='bbox 644 1105 934 1205; x_wconf 81' lang='lat' dir='ltr'>compulsoribus,</span> <span class='ocrx_word' id='word_1_49' title='bbox 945 1125 1114 1194; x_wconf 90' lang='lat' dir='ltr'>mortem</span> <span class='ocrx_word' id='word_1_50' title='bbox 1122 1107 1155 1177; x_wconf 88' lang='lat' dir='ltr'>sr</span> 
     </span>
    </p>
   </div>
   <div class='ocr_carea' id='block_1_7' title="bbox 128 1214 1257 1345">
    <p class='ocr_par' dir='ltr' id='par_1_7' title="bbox 128 1214 1257 1345">
     <span class='ocr_line' id='line_1_10' title="bbox 128 1214 1257 1345; baseline -0.006 -54"><span class='ocrx_word' id='word_1_51' title='bbox 128 1243 129 1246; x_wconf 71' lang='grc'>’</span> <span class='ocrx_word' id='word_1_52' title='bbox 185 1219 247 1345; x_wconf 82' lang='lat' dir='ltr'>qui</span> <span class='ocrx_word' id='word_1_53' title='bbox 272 1215 611 1318; x_wconf 77' lang='lat' dir='ltr'>distulerintegredi,</span> <span class='ocrx_word' id='word_1_54' title='bbox 631 1214 892 1307; x_wconf 85' lang='lat' dir='ltr'>minitantibus,</span> <span class='ocrx_word' id='word_1_55' title='bbox 923 1214 1052 1288; x_wconf 86' lang='lat' dir='ltr'>moenia</span> <span class='ocrx_word' id='word_1_56' title='bbox 1078 1235 1157 1318; x_wconf 86' lang='lat' dir='ltr'>per·</span> <span class='ocrx_word' id='word_1_57' title='bbox 1251 1228 1257 1240; x_wconf 79' lang='grc'><em>“</em></span> 
     </span>
    </p>
   </div>
   <div class='ocr_carea' id='block_1_8' title="bbox 185 1315 1158 1438">
    <p class='ocr_par' dir='ltr' id='par_1_8' title="bbox 185 1315 1158 1438">
     <span class='ocr_line' id='line_1_11' title="bbox 185 1315 1158 1438; baseline -0.005 -36"><span class='ocrx_word' id='word_1_58' title='bbox 185 1330 293 1402; x_wconf 78' lang='lat' dir='ltr'>mixta</span> <span class='ocrx_word' id='word_1_59' title='bbox 308 1329 383 1402; x_wconf 91' lang='lat' dir='ltr'>sunt</span> <span class='ocrx_word' id='word_1_60' title='bbox 397 1329 553 1438; x_wconf 88' lang='lat' dir='ltr'>lamentis</span> <span class='ocrx_word' id='word_1_61' title='bbox 567 1333 604 1402; x_wconf 77' lang='grc' dir='ltr'>δι</span> <span class='ocrx_word' id='word_1_62' title='bbox 619 1328 728 1402; x_wconf 75' lang='lat' dir='ltr'>luslu:</span> <span class='ocrx_word' id='word_1_63' title='bbox 746 1331 795 1401; x_wconf 80' lang='grc' dir='ltr'>δι</span> <span class='ocrx_word' id='word_1_64' title='bbox 792 1350 857 1424; x_wconf 87' lang='lat' dir='ltr'>per</span> <span class='ocrx_word' id='word_1_65' title='bbox 875 1325 991 1399; x_wconf 89' lang='lat' dir='ltr'>omnia</span> <span class='ocrx_word' id='word_1_66' title='bbox 1009 1315 1158 1399; x_wconf 70' lang='lat' dir='ltr'>civitafis</span> 
     </span>
    </p>
   </div>
   <div class='ocr_carea' id='block_1_9' title="bbox 165 1435 1158 1534">
    <p class='ocr_par' dir='ltr' id='par_1_9' title="bbox 165 1435 1158 1534">
     <span class='ocr_line' id='line_1_12' title="bbox 165 1435 1158 1534; baseline -0.006 -23"><span class='ocrx_word' id='word_1_67' title='bbox 165 1469 166 1472; x_wconf 43' lang='lat'>¹</span> <span class='ocrx_word' id='word_1_68' title='bbox 185 1441 336 1516; x_wconf 91' lang='lat' dir='ltr'>membra</span> <span class='ocrx_word' id='word_1_69' title='bbox 350 1462 420 1510; x_wconf 88' lang='lat' dir='ltr'>una</span> <span class='ocrx_word' id='word_1_70' title='bbox 436 1463 508 1510; x_wconf 83' lang='lat' dir='ltr'>vox</span> <span class='ocrx_word' id='word_1_71' title='bbox 522 1439 727 1512; x_wconf 73' lang='lat' dir='ltr'>cunclorum</span> <span class='ocrx_word' id='word_1_72' title='bbox 742 1459 814 1508; x_wconf 84' lang='lat' dir='ltr'>erat</span> <span class='ocrx_word' id='word_1_73' title='bbox 829 1435 1056 1534; x_wconf 84' lang='lat' dir='ltr'>gementium,</span> <span class='ocrx_word' id='word_1_74' title='bbox 1078 1459 1158 1506; x_wconf 91' lang='lat' dir='ltr'>cum</span> 
     </span>
    </p>
   </div>
   <div class='ocr_carea' id='block_1_10' title="bbox 188 1543 1176 1868">
    <p class='ocr_par' dir='ltr' id='par_1_10' title="bbox 188 1543 1176 1866">
     <span class='ocr_line' id='line_1_13' title="bbox 188 1543 1176 1643; baseline -0.008 -22"><span class='ocrx_word' id='word_1_75' title='bbox 188 1550 350 1622; x_wconf 78' lang='lat' dir='ltr'>laceraret</span> <span class='ocrx_word' id='word_1_76' title='bbox 365 1548 474 1624; x_wconf 60' lang='lat' dir='ltr'>crines*</span> <span class='ocrx_word' id='word_1_77' title='bbox 494 1567 650 1620; x_wconf 87' lang='lat' dir='ltr'>matrona</span> <span class='ocrx_word' id='word_1_78' title='bbox 667 1545 761 1619; x_wconf 86' lang='lat' dir='ltr'>exsul</span> <span class='ocrx_word' id='word_1_79' title='bbox 776 1545 922 1643; x_wconf 82' lang='lat' dir='ltr'>fuganda</span> <span class='ocrx_word' id='word_1_80' title='bbox 944 1543 1094 1634; x_wconf 85' lang='lat' dir='ltr'>laribus,</span> <span class='ocrx_word' id='word_1_81' title='bbox 1121 1544 1176 1614; x_wconf 51' lang='lat' dir='ltr'>inx</span> 
     </span>
     <span class='ocr_line' id='line_1_14' title="bbox 190 1653 1159 1754; baseline -0.004 -24"><span class='ocrx_word' id='word_1_82' title='bbox 190 1659 314 1754; x_wconf 90' lang='lat' dir='ltr'>quibus</span> <span class='ocrx_word' id='word_1_83' title='bbox 339 1676 415 1730; x_wconf 81' lang='lat' dir='ltr'>nata</span> <span class='ocrx_word' id='word_1_84' title='bbox 438 1675 507 1730; x_wconf 88' lang='lat' dir='ltr'>erat</span> <span class='ocrx_word' id='word_1_85' title='bbox 525 1659 563 1730; x_wconf 73' lang='grc' dir='ltr'>δε</span> <span class='ocrx_word' id='word_1_86' title='bbox 587 1653 755 1730; x_wconf 84' lang='lat' dir='ltr'>educata:</span> <span class='ocrx_word' id='word_1_87' title='bbox 773 1657 963 1751; x_wconf 84' lang='lat' dir='ltr'>orbataque</span> <span class='ocrx_word' id='word_1_88' title='bbox 983 1672 1090 1725; x_wconf 87' lang='lat' dir='ltr'>mater</span> <span class='ocrx_word' id='word_1_89' title='bbox 1116 1654 1159 1726; x_wconf 90' lang='lat' dir='ltr'>li·</span> 
     </span>
     <span class='ocr_line' id='line_1_15' title="bbox 190 1765 1160 1868; baseline 0 -31"><span class='ocrx_word' id='word_1_90' title='bbox 190 1767 300 1868; x_wconf 76' lang='lat' dir='ltr'>beriS,</span> <span class='ocrx_word' id='word_1_91' title='bbox 314 1765 397 1842; x_wconf 85' lang='lat' dir='ltr'>vel</span> <span class='ocrx_word' id='word_1_92' title='bbox 391 1769 539 1866; x_wconf 83' lang='lat' dir='ltr'>conjuge</span> <span class='ocrx_word' id='word_1_93' title='bbox 553 1767 715 1852; x_wconf 88' lang='lat' dir='ltr'>viduata,</span> <span class='ocrx_word' id='word_1_94' title='bbox 732 1768 856 1865; x_wconf 87' lang='lat' dir='ltr'>procul</span> <span class='ocrx_word' id='word_1_95' title='bbox 879 1767 921 1838; x_wconf 90' lang='lat' dir='ltr'>ab</span> <span class='ocrx_word' id='word_1_96' title='bbox 940 1791 1061 1838; x_wconf 88' lang='lat' dir='ltr'>eorum</span> <span class='ocrx_word' id='word_1_97' title='bbox 1087 1793 1160 1837; x_wconf 86' lang='lat' dir='ltr'>nra-</span> 
     </span>
    </p>
   </div>
   <div class='ocr_carea' id='block_1_11' title="bbox 42 1862 1294 2189">
    <p class='ocr_par' dir='ltr' id='par_1_11' title="bbox 42 1862 1294 2189">
     <span class='ocr_line' id='line_1_16' title="bbox 42 1862 1160 1996; baseline 0.001 -50"><span class='ocrx_word' id='word_1_98' title='bbox 42 1882 45 1888; x_wconf 87' lang='lat'>&#39;</span> <span class='ocrx_word' id='word_1_99' title='bbox 80 1911 85 1916; x_wconf 94' lang='lat'>·</span> <span class='ocrx_word' id='word_1_100' title='bbox 190 1862 290 1950; x_wconf 90' lang='lat' dir='ltr'>nibus</span> <span class='ocrx_word' id='word_1_101' title='bbox 315 1876 518 1972; x_wconf 85' lang='lat' dir='ltr'>pelleretur:</span> <span class='ocrx_word' id='word_1_102' title='bbox 534 1877 685 1950; x_wconf 86' lang='lat' dir='ltr'>&amp;turba</span> <span class='ocrx_word' id='word_1_103' title='bbox 706 1873 829 1945; x_wconf 85' lang='lat' dir='ltr'>flebilis</span> <span class='ocrx_word' id='word_1_104' title='bbox 854 1873 967 1968; x_wconf 83' lang='lat' dir='ltr'>polles</span> <span class='ocrx_word' id='word_1_105' title='bbox 987 1872 1160 1996; x_wconf 90' lang='lat' dir='ltr'>penatium</span> 
     </span>
     <span class='ocr_line' id='line_1_17' title="bbox 111 1982 1161 2080; baseline -0.002 -22"><span class='ocrx_word' id='word_1_106' title='bbox 111 1982 119 2048; x_wconf 74' lang='grc' dir='ltr'>Ῐ</span> <span class='ocrx_word' id='word_1_107' title='bbox 189 1985 342 2080; x_wconf 79' lang='lat' dir='ltr'>amplexa</span> <span class='ocrx_word' id='word_1_108' title='bbox 366 1985 425 2058; x_wconf 92' lang='lat' dir='ltr'>vel</span> <span class='ocrx_word' id='word_1_109' title='bbox 449 1984 566 2055; x_wconf 86' lang='lat' dir='ltr'>limina</span> <span class='ocrx_word' id='word_1_110' title='bbox 585 1983 789 2056; x_wconf 83' lang='lat' dir='ltr'>lacrimabar.</span> <span class='ocrx_word' id='word_1_111' title='bbox 817 1982 905 2053; x_wconf 83' lang='lat' dir='ltr'>Exin</span> <span class='ocrx_word' id='word_1_112' title='bbox 930 1983 1035 2054; x_wconf 74' lang='lat' dir='ltr'>varia</span> <span class='ocrx_word' id='word_1_113' title='bbox 1061 2009 1161 2056; x_wconf 89' lang='lat' dir='ltr'>corn·</span> 
     </span>
     <span class='ocr_line' id='line_1_18' title="bbox 188 2082 1294 2189; baseline 0 -26"><span class='ocrx_word' id='word_1_114' title='bbox 188 2092 327 2189; x_wconf 88' lang='lat' dir='ltr'>plentur</span> <span class='ocrx_word' id='word_1_115' title='bbox 356 2091 450 2182; x_wconf 82' lang='lat' dir='ltr'>viae,</span> <span class='ocrx_word' id='word_1_116' title='bbox 479 2117 546 2188; x_wconf 87' lang='lat' dir='ltr'>qua</span> <span class='ocrx_word' id='word_1_117' title='bbox 572 2089 728 2188; x_wconf 88' lang='lat' dir='ltr'>quisque.</span> <span class='ocrx_word' id='word_1_118' title='bbox 748 2107 907 2186; x_wconf 87' lang='lat' dir='ltr'>poterat,</span> <span class='ocrx_word' id='word_1_119' title='bbox 926 2089 1177 2185; x_wconf 61' lang='lat' dir='ltr'>dilabentiunr.x</span> <span class='ocrx_word' id='word_1_120' title='bbox 1291 2082 1294 2089; x_wconf 63' lang='grc'><strong>’</strong></span> 
     </span>
    </p>
   </div>
   <div class='ocr_carea' id='block_1_12' title="bbox 147 2193 1161 2302">
    <p class='ocr_par' dir='ltr' id='par_1_12' title="bbox 147 2193 1161 2302">
     <span class='ocr_line' id='line_1_19' title="bbox 147 2193 1161 2302; baseline -0.001 -25"><span class='ocrx_word' id='word_1_121' title='bbox 147 2259 152 2268; x_wconf 75' lang='lat'><em>,</em></span> <span class='ocrx_word' id='word_1_122' title='bbox 190 2206 413 2302; x_wconf 85' lang='lat' dir='ltr'>Properando</span> <span class='ocrx_word' id='word_1_123' title='bbox 440 2193 535 2277; x_wconf 82' lang='lat' dir='ltr'>enim.</span> <span class='ocrx_word' id='word_1_124' title='bbox 549 2204 650 2279; x_wconf 91' lang='lat' dir='ltr'>multi</span> <span class='ocrx_word' id='word_1_125' title='bbox 671 2202 871 2294; x_wconf 85' lang='lat' dir='ltr'>furabantur</span> <span class='ocrx_word' id='word_1_126' title='bbox 887 2227 971 2298; x_wconf 83' lang='lat' dir='ltr'>opes</span> <span class='ocrx_word' id='word_1_127' title='bbox 986 2202 1161 2298; x_wconf 69' lang='lat' dir='ltr'>propriae,</span> 
     </span>
    </p>
   </div>
   <div class='ocr_carea' id='block_1_13' title="bbox 192 2312 1300 2414">
    <p class='ocr_par' dir='ltr' id='par_1_13' title="bbox 192 2312 1300 2414">
     <span class='ocr_line' id='line_1_20' title="bbox 192 2312 1300 2414; baseline -0.002 -27"><span class='ocrx_word' id='word_1_128' title='bbox 192 2341 278 2414; x_wconf 87' lang='lat' dir='ltr'>quas</span> <span class='ocrx_word' id='word_1_129' title='bbox 304 2315 387 2387; x_wconf 79' lang='lat' dir='ltr'>v&#39;ehi</span> <span class='ocrx_word' id='word_1_130' title='bbox 408 2314 504 2411; x_wconf 88' lang='lat' dir='ltr'>posse</span> <span class='ocrx_word' id='word_1_131' title='bbox 531 2315 741 2410; x_wconf 82' lang='lat' dir='ltr'>credebant,·</span> <span class='ocrx_word' id='word_1_132' title='bbox 763 2332 936 2387; x_wconf 85' lang='lat' dir='ltr'>contemta</span> <span class='ocrx_word' id='word_1_133' title='bbox 956 2312 1162 2409; x_wconf 73' lang='lat' dir='ltr'>reliquasu-</span> <span class='ocrx_word' id='word_1_134' title='bbox 1286 2327 1300 2341; x_wconf 83' lang='lat'><strong><em>‘</em></strong></span> 
     </span>
    </p>
   </div>
   <div class='ocr_carea' id='block_1_14' title="bbox 191 2421 1163 2630">
    <p class='ocr_par' dir='ltr' id='par_1_14' title="bbox 191 2421 1163 2630">
     <span class='ocr_line' id='line_1_21' title="bbox 192 2421 1161 2548; baseline -0.002 -52"><span class='ocrx_word' id='word_1_135' title='bbox 192 2425 360 2548; x_wconf 71' lang='lat' dir='ltr'>pelleslili</span> <span class='ocrx_word' id='word_1_136' title='bbox 366 2423 511 2520; x_wconf 90' lang='lat' dir='ltr'>pretiosa</span> <span class='ocrx_word' id='word_1_137' title='bbox 526 2427 563 2498; x_wconf 78' lang='grc' dir='ltr'>δι</span> <span class='ocrx_word' id='word_1_138' title='bbox 584 2424 713 2496; x_wconf 86' lang='lat' dir='ltr'>multa:</span> <span class='ocrx_word' id='word_1_139' title='bbox 728 2424 815 2496; x_wconf 86' lang='lat' dir='ltr'>hanc</span> <span class='ocrx_word' id='word_1_140' title='bbox 834 2423 925 2494; x_wconf 89' lang='lat' dir='ltr'>enim</span> <span class='ocrx_word' id='word_1_141' title='bbox 950 2421 1161 2518; x_wconf 88' lang='lat' dir='ltr'>reliquerunt</span> 
     </span>
     <span class='ocr_line' id='line_1_22' title="bbox 191 2531 1163 2630; baseline 0 -24"><span class='ocrx_word' id='word_1_142' title='bbox 191 2534 334 2630; x_wconf 85' lang='lat' dir='ltr'>penuria</span> <span class='ocrx_word' id='word_1_143' title='bbox 352 2531 601 2627; x_wconf 80' lang='lat' dir='ltr'>jumentorum</span> <span class='ocrx_word' id='word_1_144' title='bbox 615 2533 670 2605; x_wconf 91' lang='lat' dir='ltr'>Tu</span> <span class='ocrx_word' id='word_1_145' title='bbox 686 2531 755 2603; x_wconf 91' lang='lat' dir='ltr'>hoc</span> <span class='ocrx_word' id='word_1_146' title='bbox 775 2531 878 2619; x_wconf 90' lang='lat' dir='ltr'>loco,</span> <span class='ocrx_word' id='word_1_147' title='bbox 893 2535 1042 2602; x_wconf 83' lang='lat' dir='ltr'>Fortuna</span> <span class='ocrx_word' id='word_1_148' title='bbox 1067 2533 1163 2606; x_wconf 82' lang='lat' dir='ltr'>orbis</span> 
     </span>
    </p>
   </div>
   <div class='ocr_carea' id='block_1_15' title="bbox 132 2584 1162 2738">
    <p class='ocr_par' dir='ltr' id='par_1_15' title="bbox 132 2584 1162 2738">
     <span class='ocr_line' id='line_1_23' title="bbox 132 2584 1162 2738; baseline 0 -23"><span class='ocrx_word' id='word_1_149' title='bbox 132 2695 139 2704; x_wconf 73' lang='lat'>„</span> <span class='ocrx_word' id='word_1_150' title='bbox 192 2641 366 2729; x_wconf 88' lang='lat' dir='ltr'>Romani,</span> <span class='ocrx_word' id='word_1_151' title='bbox 377 2640 502 2712; x_wconf 84' lang='lat' dir='ltr'>merito</span> <span class='ocrx_word' id='word_1_152' title='bbox 519 2640 599 2712; x_wconf 88' lang='lat' dir='ltr'>ineu</span> <span class='ocrx_word' id='word_1_153' title='bbox 604 2639 703 2728; x_wconf 82' lang='lat' dir='ltr'>saris,</span> <span class='ocrx_word' id='word_1_154' title='bbox 717 2627 794 2735; x_wconf 72' lang='lat' dir='ltr'>duae</span> <span class='ocrx_word' id='word_1_155' title='bbox 807 2584 1014 2712; x_wconf 80' lang='lat' dir='ltr'>dinlamibus</span> <span class='ocrx_word' id='word_1_156' title='bbox 1028 2645 1162 2738; x_wconf 91' lang='lat' dir='ltr'>procel·</span> 
     </span>
    </p>
   </div>
   <div class='ocr_carea' id='block_1_16' title="bbox 193 2749 1258 3508">
    <p class='ocr_par' dir='ltr' id='par_1_16' title="bbox 193 2749 1258 3400">
     <span class='ocr_line' id='line_1_24' title="bbox 193 2749 1162 2850; baseline 0.001 -24"><span class='ocrx_word' id='word_1_157' title='bbox 193 2753 236 2826; x_wconf 90' lang='lat' dir='ltr'>lis</span> <span class='ocrx_word' id='word_1_158' title='bbox 266 2752 511 2847; x_wconf 83' lang='lat' dir='ltr'>rempublicam</span> <span class='ocrx_word' id='word_1_159' title='bbox 535 2749 668 2824; x_wconf 84' lang='lat' dir='ltr'>excussa</span> <span class='ocrx_word' id='word_1_160' title='bbox 691 2751 875 2848; x_wconf 82' lang='lat' dir='ltr'>regimenta</span> <span class='ocrx_word' id='word_1_161' title='bbox 896 2751 1008 2847; x_wconf 88' lang='lat' dir='ltr'>perito</span> <span class='ocrx_word' id='word_1_162' title='bbox 1032 2753 1081 2827; x_wconf 85' lang='lat' dir='ltr'>rei</span> <span class='ocrx_word' id='word_1_163' title='bbox 1102 2779 1162 2850; x_wconf 86' lang='lat' dir='ltr'>ge·</span> 
     </span>
     <span class='ocr_line' id='line_1_25' title="bbox 194 2858 1258 2957; baseline -0.006 -22"><span class='ocrx_word' id='word_1_164' title='bbox 194 2863 309 2936; x_wconf 85' lang='lat' dir='ltr'>rendae</span> <span class='ocrx_word' id='word_1_165' title='bbox 329 2861 487 2951; x_wconf 72' lang='lat' dir='ltr'>duliori,</span> <span class='ocrx_word' id='word_1_166' title='bbox 517 2860 789 2934; x_wconf 87' lang='lat' dir='ltr'>consummando</span> <span class='ocrx_word' id='word_1_167' title='bbox 815 2858 937 2956; x_wconf 85' lang='lat' dir='ltr'>juveni</span> <span class='ocrx_word' id='word_1_168' title='bbox 954 2861 1161 2957; x_wconf 85' lang='lat' dir='ltr'>porrexisti:</span> <span class='ocrx_word' id='word_1_169' title='bbox 1253 2924 1258 2929; x_wconf 88' lang='grc'><em>,</em></span> 
     </span>
     <span class='ocr_line' id='line_1_26' title="bbox 195 2968 1244 3071; baseline 0.002 -25"><span class='ocrx_word' id='word_1_170' title='bbox 195 2999 298 3071; x_wconf 88' lang='lat' dir='ltr'>quem</span> <span class='ocrx_word' id='word_1_171' title='bbox 323 2973 424 3046; x_wconf 88' lang='lat' dir='ltr'>nullis</span> <span class='ocrx_word' id='word_1_172' title='bbox 442 2972 601 3045; x_wconf 78' lang='lat' dir='ltr'>anteadlae</span> <span class='ocrx_word' id='word_1_173' title='bbox 617 2971 701 3043; x_wconf 78' lang='lat' dir='ltr'>vitae</span> <span class='ocrx_word' id='word_1_174' title='bbox 715 2971 899 3068; x_wconf 81' lang='lat' dir='ltr'>insignibus</span> <span class='ocrx_word' id='word_1_175' title='bbox 924 2971 960 3042; x_wconf 91' lang='lat' dir='ltr'>in</span> <span class='ocrx_word' id='word_1_176' title='bbox 985 2972 1163 3067; x_wconf 84' lang='lat' dir='ltr'>hujusmo·</span> <span class='ocrx_word' id='word_1_177' title='bbox 1241 2968 1244 2979; x_wconf 59' lang='lat'><strong><em>¹</em></strong></span> 
     </span>
     <span class='ocr_line' id='line_1_27' title="bbox 197 3070 1228 3184; baseline 0.002 -27"><span class='ocrx_word' id='word_1_178' title='bbox 197 3087 232 3158; x_wconf 93' lang='lat' dir='ltr'>di</span> <span class='ocrx_word' id='word_1_179' title='bbox 248 3086 394 3184; x_wconf 84' lang='lat' dir='ltr'>negotiis</span> <span class='ocrx_word' id='word_1_180' title='bbox 409 3085 588 3184; x_wconf 86' lang='lat' dir='ltr'>cognitum</span> <span class='ocrx_word' id='word_1_181' title='bbox 605 3138 616 3174; x_wconf 91' lang='lat'>,</span> <span class='ocrx_word' id='word_1_182' title='bbox 633 3109 696 3157; x_wconf 86' lang='lat' dir='ltr'>nec</span> <span class='ocrx_word' id='word_1_183' title='bbox 708 3083 906 3180; x_wconf 86' lang='lat' dir='ltr'>‘vituperari</span> <span class='ocrx_word' id='word_1_184' title='bbox 933 3086 978 3159; x_wconf 86' lang='lat' dir='ltr'>esl</span> <span class='ocrx_word' id='word_1_185' title='bbox 1003 3074 1163 3183; x_wconf 76' lang='lat' dir='ltr'>aequum,</span> <span class='ocrx_word' id='word_1_186' title='bbox 1225 3070 1228 3085; x_wconf 47' lang='lat'><strong>⁴</strong></span> 
     </span>
     <span class='ocr_line' id='line_1_28' title="bbox 198 3188 1240 3291; baseline 0.002 -23"><span class='ocrx_word' id='word_1_187' title='bbox 198 3219 263 3268; x_wconf 89' lang='lat' dir='ltr'>nec</span> <span class='ocrx_word' id='word_1_188' title='bbox 285 3197 421 3269; x_wconf 86' lang='lat' dir='ltr'>laudari.</span> <span class='ocrx_word' id='word_1_189' title='bbox 441 3196 525 3268; x_wconf 94' lang='lat' dir='ltr'>lllud</span> <span class='ocrx_word' id='word_1_190' title='bbox 546 3219 659 3267; x_wconf 90' lang='lat' dir='ltr'>tamen</span> <span class='ocrx_word' id='word_1_191' title='bbox 675 3191 716 3266; x_wconf 86' lang='lat' dir='ltr'>ad</span> <span class='ocrx_word' id='word_1_192' title='bbox 736 3194 896 3267; x_wconf 85' lang='lat' dir='ltr'>medullas</span> <span class='ocrx_word' id='word_1_193' title='bbox 921 3188 1026 3291; x_wconf 65' lang='lat' dir='ltr'>usque</span> <span class='ocrx_word' id='word_1_194' title='bbox 1046 3195 1163 3270; x_wconf 90' lang='lat' dir='ltr'>bono·</span> <span class='ocrx_word' id='word_1_195' title='bbox 1237 3266 1240 3277; x_wconf 90' lang='grc'><em>,</em></span> 
     </span>
     <span class='ocr_line' id='line_1_29' title="bbox 199 3301 1202 3400; baseline -0.004 -28"><span class='ocrx_word' id='word_1_196' title='bbox 199 3303 467 3398; x_wconf 83' lang='lat' dir='ltr'>rumpervenit:</span> <span class='ocrx_word' id='word_1_197' title='bbox 485 3301 605 3400; x_wconf 88' lang='lat' dir='ltr'>quod,</span> <span class='ocrx_word' id='word_1_198' title='bbox 616 3301 694 3372; x_wconf 85' lang='lat' dir='ltr'>durn</span> <span class='ocrx_word' id='word_1_199' title='bbox 716 3301 905 3373; x_wconf 88' lang='lat' dir='ltr'>extimescit</span> <span class='ocrx_word' id='word_1_200' title='bbox 929 3301 1163 3400; x_wconf 86' lang='lat' dir='ltr'>aemulumpo·</span> <span class='ocrx_word' id='word_1_201' title='bbox 1197 3339 1202 3368; x_wconf 80' lang='grc'>;</span> 
     </span>
    </p>

    <p class='ocr_par' dir='ltr' id='par_1_17' title="bbox 198 3408 1164 3508">
     <span class='ocr_line' id='line_1_30' title="bbox 198 3408 1164 3508; baseline 0.006 -28"><span class='ocrx_word' id='word_1_202' title='bbox 198 3408 348 3497; x_wconf 86' lang='lat' dir='ltr'>teslati&#39;s,</span> <span class='ocrx_word' id='word_1_203' title='bbox 366 3411 536 3507; x_wconf 84' lang='lat' dir='ltr'>dumque</span> <span class='ocrx_word' id='word_1_204' title='bbox 527 3435 563 3481; x_wconf 88' lang='lat' dir='ltr'>rn</span> <span class='ocrx_word' id='word_1_205' title='bbox 578 3411 693 3480; x_wconf 85' lang='lat' dir='ltr'>animo</span> <span class='ocrx_word' id='word_1_206' title='bbox 709 3435 770 3505; x_wconf 89' lang='lat' dir='ltr'>per</span> <span class='ocrx_word' id='word_1_207' title='bbox 785 3409 912 3481; x_wconf 86' lang='lat' dir='ltr'>Gallias</span> <span class='ocrx_word' id='word_1_208' title='bbox 931 3414 968 3484; x_wconf 88' lang='lat'>&amp;</span> <span class='ocrx_word' id='word_1_209' title='bbox 987 3412 1164 3508; x_wconf 85' lang='lat' dir='ltr'>Illyricum</span> 
     </span>
    </p>
   </div>
   <div class='ocr_carea' id='block_1_17' title="bbox 131 3499 1162 3614">
    <p class='ocr_par' dir='ltr' id='par_1_18' title="bbox 131 3499 1162 3614">
     <span class='ocr_line' id='line_1_31' title="bbox 131 3499 1162 3614; baseline 0.004 -25"><span class='ocrx_word' id='word_1_210' title='bbox 131 3503 158 3525; x_wconf 24' lang='grc' dir='ltr'><strong>ἡ</strong></span> <span class='ocrx_word' id='word_1_211' title='bbox 201 3516 333 3606; x_wconf 82' lang='lat' dir='ltr'>versut,</span> <span class='ocrx_word' id='word_1_212' title='bbox 346 3519 507 3614; x_wconf 84' lang='lat' dir='ltr'>quosdam</span> <span class='ocrx_word' id='word_1_213' title='bbox 521 3518 606 3614; x_wconf 82' lang='lat' dir='ltr'>saepe</span> <span class='ocrx_word' id='word_1_214' title='bbox 620 3499 816 3592; x_wconf 83' lang='lat' dir='ltr'>sublimiora</span> <span class='ocrx_word' id='word_1_215' title='bbox 831 3518 1020 3614; x_wconf 87' lang='lat' dir='ltr'>coeptasse‚</span> <span class='ocrx_word' id='word_1_216' title='bbox 1028 3515 1162 3593; x_wconf 90' lang='lat' dir='ltr'>famam</span> 
     </span>
    </p>
   </div>
   <div class='ocr_carea' id='block_1_18' title="bbox 199 3618 1165 3838">
    <p class='ocr_par' dir='ltr' id='par_1_19' title="bbox 199 3618 1165 3838">
     <span class='ocr_line' id='line_1_32' title="bbox 201 3618 1165 3752; baseline -0.001 -50"><span class='ocrx_word' id='word_1_217' title='bbox 201 3618 370 3705; x_wconf 84' lang='lat' dir='ltr'>adventus</span> <span class='ocrx_word' id='word_1_218' title='bbox 392 3627 438 3699; x_wconf 88' lang='lat' dir='ltr'>sui</span> <span class='ocrx_word' id='word_1_219' title='bbox 466 3630 655 3724; x_wconf 78' lang='lat' dir='ltr'>praevenire</span> <span class='ocrx_word' id='word_1_220' title='bbox 682 3627 859 3752; x_wconf 59' lang='lat' dir='ltr'>festinans,</span> <span class='ocrx_word' id='word_1_221' title='bbox 889 3624 1106 3725; x_wconf 83' lang='lat' dir='ltr'>indignum</span> <span class='ocrx_word' id='word_1_222' title='bbox 1097 3656 1165 3701; x_wconf 83' lang='lat' dir='ltr'>1m·</span> 
     </span>
     <span class='ocr_line' id='line_1_33' title="bbox 199 3733 1158 3838; baseline -0.004 -24"><span class='ocrx_word' id='word_1_223' title='bbox 199 3739 301 3838; x_wconf 84' lang='lat' dir='ltr'>perio</span> <span class='ocrx_word' id='word_1_224' title='bbox 322 3735 451 3814; x_wconf 83' lang='lat' dir='ltr'>facinus</span> <span class='ocrx_word' id='word_1_225' title='bbox 476 3737 599 3818; x_wconf 78' lang='lat' dir='ltr'>umislu</span> <span class='ocrx_word' id='word_1_226' title='bbox 619 3733 760 3836; x_wconf 78' lang='lat' dir='ltr'>perjurii</span> <span class='ocrx_word' id='word_1_227' title='bbox 787 3737 935 3838; x_wconf 82' lang='lat' dir='ltr'>fugiendi</span> <span class='ocrx_word' id='word_1_228' title='bbox 958 3737 1158 3828; x_wconf 80' lang='lat' dir='ltr'>commisit,</span> 
     </span>
    </p>
   </div>
   <div class='ocr_carea' id='block_1_19' title="bbox 0 0 1411 4284">
    <p class='ocr_par' dir='ltr' id='par_1_20' title="bbox 0 0 1411 4284">
     <span class='ocr_line' id='line_1_34' title="bbox 0 0 1411 4284; baseline 0 0"><span class='ocrx_word' id='word_1_229' title='bbox 0 0 1411 4284; x_wconf 95' lang='lat' dir='ltr'> </span> 
     </span>
    </p>
   </div>
  </div>
 </body>
</html>
