2775 4284
219 321 289 370 222
379 265 635 364 iuuatur
670 285 1034 362 nauculatur

220 455 280 526 vel
303 451 439 540 affines,
454 449 479 524 sr
501 449 708 522 simultatum·
720 449 810 525 levia
825 447 984 522 senserint
997 462 1206 546 receptacu-

221 565 278 652 la,
298 565 378 635 odia
401 561 579 634 struentes
590 555 771 630 infesla.'
761 582 799 629 ιιι
823 557 947 654 quibus
977 555 1085 630 aetatis
1108 580 1204 652 pro·

222 675 332 774 grellu
352 701 426 749 non
447 692 484 743 ut
499 667 645 743 alibrum
659 669 746 742 vitia
769 667 1002 795 intepescunt,
1018 666 1073 741 sed
1088 667 1203 779 magis¹

222 785 395 914 magisque
427 785 672 856 roborantur:
701 779 791 852 inter
824 780 958 877 rapinas
991 772 1201 852 insatiabiles
1288 774 1293 780 ’

222 895 368 995 inopes,
386 895 427 968 ad
443 893 638 990 capiendam
654 890 800 966 versuris
815 891 1031 965 orationibus
1044 889 1202 997 judicum

222 1005 324 1080 fidem
333 1031 508 1104 ,quorum
530 1029 658 1075 nomen
681 1029 724 1075 ex
727 974 868 1076 lustitia
883 1021 1000 1074 natum
1013 1001 1081 1091 esl,
1095 991 1202 1076 sacam

223 1114 353 1214 ingenia
343 1111 624 1212 destringentes.
645 1113 781 1183 Horum
808 1109 1040 1184 obstinatione
1061 1110 1201 1184 liberta·

194 1222 196 1240 *
222 1243 292 1298 tem
314 1225 503 1311 temeritas,
528 1221 752 1296 constantiam
778 1221 916 1294 audacia
938 1246 1108 1318 praeceps,
1123 1219 1201 1295 elo·

224 1334 398 1432 quentiam
423 1331 533 1405 inanis
551 1330 740 1430 quaedam
730 1331 881 1404 amitatur
895 1329 1033 1403 fluentia
1054 1330 1200 1428 loquen-

225 1443 285 1515 di:
308 1465 452 1538 quarum
470 1439 591 1513 arrium
609 1438 798 1529 scaevitate‚
813 1458 851 1511 ut
863 1439 1002 1522 Tullius
1014 1439 1202 1527 asseverat,

225 1551 322 1626 nefas
343 1551 390 1624 est
414 1549 618 1649 religionem
645 1548 759 1647 decipi
781 1548 971 1644 judicantis.
998 1549 1056 1621 Ait
1082 1549 1201 1621 enimt

225 1667 362 1758 Cumque
375 1665 462 1734 nili!
478 1687 545 1734 tam
559 1663 770 1755 incorruptum
785 1659 840 1758 effe
856 1665 962 1732 debeat
975 1664 1011 1730 in
1026 1664 1202 1754 republica,

226 1771 321 1868 piram
333 1769 547 1898 suffiagiurrr,
561 1793 654 1862 quarn
667 1771 855 1864 sententia:
869 1797 936 1841 nora
953 1773 1112 1865 intelligo,
1125 1797 1202 1852 cur,

227 1885 281 1978 qui
300 1911 336 1954 ea
353 1884 488 1975 pecunia
510 1883 675 1972 corruperit
688 1931 699 1965 ,
712 1905 811 1973 parra
834 1881 950 1974 dignus
963 1879 1042 1978 fit;
1063 1905 1117 1974 qut
1110 1882 1205 1948 'elo-

228 1999 380 2088 quentia,
400 1991 523 2063 [audem
547 1994 641 2062 etiam
659 1989 759 2082 ferat.
785 1993 874 2061 Mitt
900 1994 1025 2084 quidem
1050 1991 1107 2061 hoc
1123 1995 1204 2084 plus

228 2110 309 2176 mali
326 2104 432 2194 fircera
443 2105 585 2188 videtur,
599 2105 652 2194 qui
672 2103 832 2188 oratione,
846 2127 940 2194 quam
958 2106 1014 2196 qui
1025 2105 1125 2195 pretio
1146 2098 1209 2186 ju·

131 2208 133 2216 ’
228 2219 328 2285 dicem
348 2215 514 2305 corrupit·
497 2265 511 2298 ,
534 2215 622 2304 quod
646 2215 783 2304 pecunia
811 2240 998 2307 corrumpere
1020 2217 1205 2308 prudentem

229 2349 320 2392 nerrro
343 2320 468 2417 potest,
495 2321 625 2388 dicendo
655 2319 764 2418 potest.
797 2319 991 2393 Secundum
1023 2321 1071 2394 est
1099 2345 1207 2418 genus

230 2455 380 2517 eorum,
401 2428 460 2527 qui
487 2425 571 2522 juris
598 2427 736 2526 professi
758 2429 956 2517 scientiam,
973 2458 1075 2532 quam
1099 2458 1208 2528 repu-

159 2577 162 2582 ·
231 2543 410 2643 gnaratium
431 2539 492 2613 fibi
514 2537 627 2637 legum
640 2539 824 2613 abolevere
841 2540 997 2626 discidia,
1010 2541 1107 2614 velut
1123 2541 1208 2613 vin·

230 2649 316 2724 culis
332 2651 387 2722 ori
410 2647 578 2746 impolitis
598 2649 778 2721 reticentes
792 2705 804 2738 ,
818 2647 888 2748 jugi
909 2647 1041 2722 silentio
1068 2649 1206 2726 umbra·

135 2823 138 2838 ,
231 2785 307 2831 rum
325 2759 399 2830 sunt
419 2757 541 2831 srmiles
564 2757 793 2856 propriarum.
812 2761 858 2832 Hi
881 2762 977 2832 velut
996 2759 1064 2832 sata
1083 2758 1209 2831 natali·
1255 2838 1262 2856 p

134 2905 136 2914 s
232 2869 281 2944 tia
305 2869 625 2988 praemonstrantes,
645 2891 702 2944 aut
730 2873 872 2972 Sibyllae
902 2874 1123 2947 oraculorum
1148 2869 1208 2944 in·

234 2981 422 3076 terprete's,
442 2981 559 3053 vultus
586 2982 755 3080 gravitate
777 2985 819 3057 ad
844 2984 997 3058 habiturn
1015 2981 1209 3080 composita

233 3089 441 3180 trisliorenr,
456 3091 565 3188 ipsum
580 3115 721 3191 quoque
734 3095 912 3168 venditant
918 3096 1038 3197 ,quod
1056 3093 1208 3168 oscitan-

234 3217 300 3272 tur
314 3199 379 3290 Hi,
396 3220 433 3274 ut
450 3196 549 3274 altius
564 3200 767 3274 videantur
757 3228 832 3296 Jura
848 3203 990 3295 callere,
1004 3201 1208 3275 Trebatium

159 3343 171 3388 ,·
233 3254 447 3407 loquuntur,
461 3312 499 3385 &
512 3311 740 3400 Cascellium,
760 3313 800 3386 &
814 3311 995 3404 Alfenum,
1011 3314 1050 3387 &
1068 3316 1208 3385 Aurun-

236 3447 359 3494 corum
383 3423 654 3520 Sicanorumque
679 3423 807 3519 jamdiu
830 3426 920 3524 leges
946 3428 1100 3524 ignotas,
1128 3451 1209 3499 cum

233 3531 385 3604 Evandri
410 3550 518 3604 matre
544 3531 671 3606 abhinc
701 3532 818 3606 seculis
847 3535 987 3608 obrutas
1012 3535 1138 3608 multis.
1165 3535 1210 3607 Et

234 3639 259 3710 fi
274 3638 456 3712 voluntate
478 3657 619 3710 matrem
638 3659 729 3712 tuam
743 3639 881 3716 finxeris
896 3642 1073 3733 occidisse,
1086 3641 1210 3715 multas

232 3741 297 3822 tibi
327 3747 497 3849 suffragari
526 3747 777 3827 absolutionem
810 3738 973 3828 leliione‘s
1008 3751 1204 3829 reconditas
1281 3806 1284 3813 ·
